1570 2527
555 144 601 176 11.
628 152 655 176 v
675 145 829 177 5s—vn
851 145 905 176 11.
1319 137 1402 180 155

239 253 302 292 Sic
334 252 405 292 tibi
438 253 517 291 sint
549 252 691 290 fratres
723 256 882 302 totaque
916 250 1019 289 salva
1052 249 1215 288 domus:

179 311 370 363 Quodque
404 310 506 350 soles
538 311 667 349 animo
700 321 884 361 semper,
918 308 1022 361 quod
1054 319 1147 347 voce
1178 307 1357 359 precari,

238 366 378 409 omnia
410 368 642 408 Caesaribus
676 369 731 407 sic
763 374 830 407 tua
862 368 961 407 sacta
992 366 1159 419 probes.

180 428 312 480 Turpe
345 430 421 467 erit
451 429 492 467 in
523 428 679 466 miseris
712 428 835 466 veteri
866 426 937 465 tibi
968 425 1088 465 rebus
1120 426 1244 464 amico

114 496 158 527 20
238 487 437 527 Auxilium
469 486 574 526 nulla
606 491 716 537 parte
748 485 886 525 tulisse
919 491 1054 524 tuum:

179 547 313 597 Turpe
344 547 494 585 referre
526 545 666 596 pedem
686 576 696 596 ,
728 556 800 583 nec
833 555 951 595 passu
984 549 1087 582 stare
1120 542 1272 581 tenaci:

239 605 371 656 Turpe
402 604 645 643 laborantem
677 604 899 642 deseruisse
932 608 1078 641 ratem.

182 663 331 715 [Turpe
366 665 479 714 sequi
511 674 644 701 casum
677 668 716 700 et
747 662 928 700 fortunae
961 660 1101 700 cedere
1134 660 1325 698 amicum.

240 722 289 761 Et
321 723 397 761 nisi
429 723 480 760 sit
512 721 633 772 felix,
666 732 752 759 esse
784 732 927 771 negare
961 717 1119 768 suum]

116 789 160 820 25
180 780 267 820 Non
298 783 352 819 ita
384 782 567 818 vixerunt
600 779 784 829 Strophio
823 784 940 829 atque
974 779 1262 828 Agamemnone
1301 776 1406 826 nati,

239 839 326 878 Non
358 839 454 877 haec
487 837 654 889 Aegidae
686 837 931 887 Pirithoique
964 836 1084 874 fides:

182 897 288 943 Quos
319 899 428 949 prior
461 903 520 935 est
552 898 718 947 mirata,
751 906 921 946 sequens
954 894 1162 932 mirabitur
1194 898 1322 944 aetas,

240 956 284 995 In
317 968 485 1008 quorum
517 955 677 1007 plausus
710 959 790 993 tota
822 954 972 993 theatra
1007 958 1170 992 sonant.

182 1015 243 1055 Tu
276 1027 432 1068 quoque
465 1027 535 1066 per
568 1014 712 1053 durum
743 1018 896 1052 servato
929 1018 1083 1063 tempus
1116 1012 1239 1050 amico

118 1083 162 1114 30
243 1074 390 1125 Dignus
423 1086 465 1112 es
497 1075 537 1112 in
569 1074 688 1111 tantis
721 1083 863 1111 nomen
895 1070 1039 1110 habere
1075 1071 1188 1109 viris.

183 1133 332 1184 Dignus
364 1144 429 1184 es,
462 1137 524 1183 et,
558 1132 743 1183 quoniam
768 1130 923 1169 laudem
954 1131 1098 1181 pietate
1131 1128 1319 1179 mereris,
1352 1135 1409 1167 (57)

242 1191 328 1230 Non
360 1193 436 1230 erit
468 1191 588 1229 officii
619 1191 742 1241 gratia
775 1189 893 1228 surda
925 1190 1007 1229 tui.

186 1250 310 1290 Crede
344 1249 439 1288 mihi
458 1281 468 1301 ‚
501 1255 681 1288 nostrum
714 1249 747 1286 si
779 1260 858 1286 non
890 1247 1053 1286 mortale
1086 1247 1265 1285 futurum
1297 1251 1357 1284 est

244 1308 440 1361 Carmen,
472 1309 513 1346 in
545 1319 613 1346 ore
646 1307 834 1358 frequens
866 1307 1109 1357 posteritatis
1142 1306 1243 1344 eris.

119 1376 163 1407 35
184 1367 261 1407 Fac
294 1367 409 1406 modo
442 1378 671 1418 permaneas
703 1366 804 1404 lasso
823 1396 834 1417 ‚
867 1365 1056 1404 Graecine
1077 1396 1087 1416 ‚
1119 1363 1269 1416 fidelis,

244 1426 369 1469 Duret
400 1432 439 1465 et
471 1428 511 1464 in
543 1425 678 1476 longas
709 1425 882 1475 impetus
914 1425 987 1462 iste
1021 1435 1173 1462 moras.

186 1485 294 1531 Quae
326 1490 369 1523 tu
402 1496 491 1523 cum
523 1489 730 1535 praestes,
763 1494 871 1521 remo
903 1488 1034 1521 tamen
1067 1487 1158 1520 utor
1189 1483 1229 1520 in
1262 1491 1380 1532 aura,

245 1543 325 1582 Nee
357 1548 474 1582 nocet
507 1542 675 1581 admisso
708 1541 877 1581 subdere
911 1540 1037 1580 calcar
1070 1552 1198 1592 equo.

688 1670 790 1718 VII.

187 1779 284 1818 Esse
317 1777 526 1817 salutatum
557 1776 641 1816 vult
672 1783 711 1815 te
743 1788 829 1815 mea
860 1776 990 1815 littera
1021 1775 1192 1825 primum

245 1837 277 1876 A
308 1837 407 1876 male
439 1837 588 1888 pacatis
607 1866 617 1886 ‚
649 1835 806 1887 Attice,
839 1836 957 1873 missa
990 1833 1122 1872 Getis.

187 1897 370 1935 Proxima
402 1895 659 1945 subsequitur
678 1926 689 1946 ‚
721 1893 813 1944 quid
847 1905 966 1944 agas,
999 1891 1134 1931 audire
1167 1890 1371 1942 voluptas,

246 1954 297 1994 Et
329 1956 390 2005 si,
423 1953 614 2005 quidquid
646 1954 755 2004 agis,
788 1953 839 1991 sit
870 1951 943 1991 tibi
975 1962 1069 1989 cura
1100 1951 1200 1988 mei.

147 2022 167 2053 5
188 2013 268 2052 Nec
301 2012 437 2052 dubito
470 2013 565 2063 quin
597 2013 675 2051 sit.
732 2010 801 2050 sed
840 2022 901 2049 me
943 2015 1074 2048 tumor
1106 2010 1190 2058 ipse
1222 2006 1413 2046 malorum

249 2071 374 2122 Saepe
406 2082 671 2122 supervacuos
703 2070 808 2120 cogit
838 2067 983 2107 habere
1015 2072 1144 2105 metus
1163 2097 1171 2104 .

189 2130 243 2169 Da
275 2131 456 2181 veniam,
490 2141 634 2180 quaeso
654 2159 665 2181 ,
697 2129 897 2177 nimioque
929 2128 1089 2177 ignosce
1121 2126 1277 2163 timori.

247 2188 493 2239 Tranquillas
527 2189 644 2227 etiam
675 2187 887 2236 naufragus
919 2184 1057 2223 horret
1088 2195 1230 2234 aquas.

190 2247 266 2292 Qui
298 2247 419 2286 semel
452 2253 512 2285 est
542 2246 671 2285 laesus
703 2244 829 2283 fallaci
861 2244 981 2295 piscis
1014 2242 1060 2280 ab
1092 2241 1231 2294 hamo,

128 2315 169 2346 10
250 2305 442 2344 Omnibus
474 2317 576 2344 unca
608 2303 706 2342 cibis
738 2314 828 2341 aera
860 2301 1024 2340 subesse
1055 2305 1188 2352 putat.

191 2363 316 2416 Saepe
348 2375 483 2403 canem
515 2363 630 2413 longe
662 2363 788 2401 visum
820 2361 920 2412 fugit
951 2371 1071 2412 agua,
1103 2358 1318 2411 lupumque
