1570 2527
591 151 846 183 FASTORUM
872 151 898 182 1.
928 152 1051 184 1-3-2.
1409 147 1494 189 213

409 325 739 380 FASTORUM
777 325 960 378 LIBER
997 323 1230 378 PRIMUS

184 434 263 475 AD
297 433 341 476 o.
374 433 679 476 CLAUDIUM
712 431 1026 474 CAESAREM
1060 430 1464 473 GERMANICUM.
1511 457 1515 461 -

272 553 463 605 Tempora
497 566 586 592 cum
619 555 747 592 causis
778 553 931 592 Latium
965 553 1113 604 digesta
1145 565 1216 604 per
1247 564 1392 592 annum

329 612 531 664 Lapsaque
565 612 638 651 suh
671 618 796 651 terras
828 618 990 663 ortaque
1025 614 1133 663 signa
1166 624 1327 651 canam.

270 671 417 721 Excipe
449 677 586 722 pacato
607 702 617 722 ,
651 671 791 710 Caesar
824 671 1052 709 Germanice
1072 702 1083 722 ‚
1118 670 1222 709 voltu

330 730 412 768 Hoc
445 742 544 780 opus
578 736 617 768 et
648 730 805 768 timidae
839 730 961 780 dirige
996 731 1102 768 navis
1134 730 1232 781 iter3

230 795 249 827 5
271 788 489 839 Officioque
509 819 520 840 ‚
552 788 676 827 levem
709 801 788 826 non
821 794 1021 827 aversatus
1053 788 1266 840 honorem,

328 847 428 885 Huic
460 847 532 885 tibi
564 847 702 885 devoto
735 848 895 885 numine
929 847 1065 885 dexter
1097 847 1212 885 ades.

271 905 389 944 Sacra
420 918 681 956 recognosces
713 904 917 944 annalibus
950 911 1060 943 eruta
1091 906 1256 956 priscis,

328 964 377 1003 Et
410 977 487 1016 quo
520 966 571 1003 sit
603 966 742 1003 merito
776 976 954 1015 quaeque
987 969 1118 1002 notata
1150 963 1255 1002 dies.

269 1023 448 1062 Invenies
479 1023 558 1061 illic
591 1029 630 1062 et
662 1023 759 1061 festa
792 1023 1003 1061 domestica
1036 1022 1169 1061 vobis:

208 1090 249 1121 10
330 1082 453 1133 Saepe
486 1082 557 1120 tibi
589 1088 700 1132 pater
733 1087 821 1132 est,
855 1094 969 1132 saepe
1001 1081 1190 1131 legendus
1222 1093 1337 1120 avus.

270 1140 456 1191 Quaeque
490 1141 622 1179 serunt
654 1140 709 1178 illi
741 1142 866 1191 pictos
900 1142 1092 1191 signantia
1125 1140 1267 1191 fastos,

330 1199 388 1238 Tu
422 1212 579 1250 quoque
612 1212 700 1237 cum
734 1199 859 1237 Druso
892 1200 1063 1250 praemia
1097 1198 1216 1237 fratre
1250 1199 1372 1238 feres.

270 1258 446 1297 Caesaris
480 1270 585 1296 arma
617 1264 758 1297 canant
790 1258 883 1296 alii:
929 1270 999 1296 nos
1033 1257 1208 1296 Caesaris
1240 1269 1350 1310 aras,

329 1316 378 1355 Et
411 1329 680 1368 quoscumque
714 1318 835 1354 sacris
868 1316 1016 1355 addidit
1047 1315 1110 1354 ille
1144 1317 1249 1355 dies.

207 1384 249 1415 15
269 1377 406 1414 Annue
440 1378 596 1414 conanti
629 1388 699 1426 per
731 1375 864 1413 laudes
897 1377 954 1413 ire
987 1381 1170 1426 tuorum,

328 1435 460 1484 Deque
494 1447 579 1473 meo
613 1434 772 1485 pavidos
805 1440 943 1472 excute
977 1433 1094 1472 corde
1127 1438 1277 1472 metus.

269 1493 322 1532 Da
356 1494 451 1531 mihi
483 1499 520 1532 te
553 1493 776 1544 placidum,
810 1493 964 1531 dederis
996 1494 1037 1530 in
1070 1493 1241 1531 carmina
1274 1493 1391 1531 viris:

331 1552 535 1602 Ingenium
567 1552 673 1590 voltu
706 1558 859 1602 statque
893 1552 1072 1602 caditque
1105 1557 1197 1590 tuo.

269 1610 412 1661 Pagina
444 1611 634 1649 iudicium
666 1611 771 1649 docti
804 1610 980 1649 subitura
1013 1616 1191 1649 movetur

204 1678 248 1708 20
329 1670 553 1721 Principis,
584 1675 628 1708 ut
661 1669 787 1708 Clario
820 1672 938 1708 missa
970 1669 1131 1720 legenda
1163 1669 1259 1708 deo.

271 1728 378 1774 Quae
411 1730 461 1767 sit
494 1730 596 1766 enim
630 1728 725 1766 culti
760 1728 938 1767 facundia
971 1729 1165 1767 sensimus
1198 1729 1302 1780 oris,

328 1787 455 1826 Civica
487 1799 559 1838 pro
592 1787 764 1838 trepidis·
789 1799 878 1826 cum
910 1786 1000 1825 tulit
1032 1799 1137 1825 arma
1169 1788 1271 1825 reis.

269 1846 423 1885 Scimus
456 1853 523 1898 et,
555 1846 600 1884 ad
636 1853 789 1885 nostras
819 1858 908 1884 cum
941 1858 982 1884 se
1015 1846 1105 1885 tulit
1135 1847 1306 1897 impetus
1338 1850 1468 1898 artes,
1501 1839 1504 1842 ⁴

326 1905 476 1955 Ingenii
508 1912 670 1943 currant
700 1905 858 1943 flumina
892 1910 1036 1956 quanta
1068 1906 1147 1944 tui.

204 1971 248 2002 25
270 1963 311 2001 Si
342 1963 434 2002 licet
466 1969 504 2002 et
537 1964 592 2001 fas
625 1969 714 2013 est,
747 1971 853 2002 vates
885 1976 977 2015 rege
1008 1965 1106 2002 vatis
1138 1962 1334 2016 habenas,

326 2023 511 2073 Auspicio
544 2022 634 2061 felix
668 2028 771 2060 totus
804 2029 848 2061 ut
879 2035 1004 2061 annus
1037 2027 1121 2060 eat.

268 2080 460 2131 Tempora
493 2081 689 2131 digereret
722 2093 809 2119 cum
844 2081 1023 2119 conditor
1055 2079 1200 2131 Urbis,
1232 2082 1272 2119 in
1305 2092 1407 2119 anno

327 2139 539 2178 Constituit
571 2152 725 2178 menses
759 2142 931 2191 quinque
965 2139 1024 2177 bis
1057 2151 1143 2178 esse
1177 2151 1270 2178 suo.

270 2198 428 2238 Scilicet
460 2211 564 2237 arma
598 2201 720 2249 magis
753 2211 869 2250 quam
902 2198 1058 2250 sidera,
1092 2197 1284 2250 Romule,
1318 2209 1459 2250 noras,

203 2266 247 2296 30
327 2257 506 2308 Curaque
539 2258 724 2295 finitimos
757 2259 912 2296 vincere
944 2258 1068 2295 maior
1101 2263 1206 2295 erat.

267 2315 337 2354 Est
369 2323 497 2354 tamen
530 2322 569 2355 et
602 2318 727 2366 ratio,
763 2316 932 2368 Caesar,
965 2328 1063 2367 quae
1096 2317 1261 2355 moverit
1291 2315 1424 2355 illum:

327 2374 592 2426 Erroremque
626 2387 740 2414 suum
775 2387 851 2426 quo
884 2380 1070 2427 tueatur,
1103 2374 1242 2413 habet.
