1570 2527
127 113 212 156 338
669 114 923 146 FASTORUM

159 232 225 264 195
245 222 349 262 Haec
374 222 577 261 hominum
603 223 840 261 monimenta
859 227 1021 273 patent.
1064 223 1097 260 si
1123 221 1313 273 quaeritis
1339 225 1464 273 astra,

304 281 416 320 Tunc
448 281 575 319 oritur
608 282 736 331 magni
766 292 931 331 praepes
964 279 1114 319 adunca
1145 279 1271 319 Iovis.

693 370 730 413 2.
764 370 892 423 [AF]

246 456 408 495 Postera
437 454 503 494 lux
536 454 717 507 Hyadas,
749 454 943 493 Taurinae
977 466 1124 493 cornua
1158 454 1324 506 frontis,

304 513 477 565 Evocat,
511 519 550 553 et
581 513 702 553 multa
734 519 840 552 terra
872 513 1060 552 madescit
1093 524 1218 564 aqua.

723 604 760 645 3.
793 602 871 646 BC

246 689 358 729 Mane
390 688 457 728 ubi
487 687 548 728 bis
580 689 699 728 fuerit
716 719 727 739 ,
759 687 1021 739 Phoebusque
1052 688 1254 727 iteraverit
1284 692 1395 726 ortus

159 757 226 789 200
305 747 500 799 Factaque
534 748 608 786 erit
639 748 766 798 posito
798 758 888 785 rore
921 746 981 785 his
1014 746 1089 785 uda
1122 758 1260 798 seges,

247 806 327 846 Hac
359 812 509 845 sacrata
541 806 602 845 die
635 805 762 844 Tusco
794 804 953 844 Bellona
984 804 1114 844 duello

306 865 487 917 Dicitur,
518 870 557 903 et
588 863 697 903 Latio
730 875 918 914 prospera
951 875 1106 915 semper
1138 862 1271 902 adest.

247 925 397 976 Appius
428 929 488 962 est
520 928 686 974 auctor,
718 921 866 973 Pyrrho
899 923 967 972 qui
998 933 1092 972 pace
1125 926 1262 972 negata

307 982 473 1021 Multum
504 982 632 1020 animo
665 980 788 1032 vidit,
820 979 967 1019 lumine
1001 986 1138 1031 captus
1170 984 1276 1018 erat.

161 1050 228 1082 205
248 1041 444 1092 Prospicit
475 1052 495 1078 a
526 1039 671 1090 templo
704 1050 901 1077 summum
932 1038 1063 1077 brevis
1095 1049 1185 1076 area
1216 1036 1400 1088 Circum,

307 1098 378 1138 Est
408 1098 463 1137 ibi
494 1109 573 1137 non
604 1109 745 1149 parvae
777 1108 894 1148 parva
927 1096 1107 1136 columna
1138 1101 1276 1135 notae:

250 1157 349 1197 Hinc
382 1156 481 1196 solet
513 1156 622 1195 hasta
654 1167 770 1194 manu
789 1185 800 1207 ‚
832 1154 925 1193 belli
956 1156 1217 1206 praenuntia,
1250 1154 1377 1205 mitti,

307 1216 352 1255 In
383 1226 517 1267 regem
550 1221 588 1254 et
619 1221 756 1265 gentes
788 1225 879 1252 cum
909 1213 1037 1265 placet
1068 1224 1174 1253 arma
1205 1214 1316 1264 capi.

728 1306 768 1347 4.
800 1303 874 1347 CC

250 1391 380 1431 Altera
411 1402 502 1443 pars
534 1389 638 1429 Circi
670 1388 840 1429 Custode
873 1388 945 1428 sub
978 1387 1146 1428 Hercule
1179 1392 1265 1427 tuta
1296 1392 1381 1426 est:

163 1459 230 1490 210
310 1449 422 1496 Quod
454 1449 551 1488 deus
582 1447 757 1487 Euboico
789 1449 960 1487 carmine
994 1458 1137 1486 munus
1168 1445 1308 1485 habet.

250 1508 424 1548 Muneris
456 1514 517 1547 est
547 1513 731 1559 tempus,
764 1508 832 1558 qui
862 1505 992 1545 Nonas
1024 1505 1164 1545 lucifer
1195 1510 1285 1544 ante
1317 1509 1402 1544 est:

311 1567 353 1606 Si
384 1565 539 1606 titulum
573 1568 735 1618 queris,
769 1564 874 1606 Sulla
906 1564 1085 1616 probavit
1115 1575 1242 1616 opus.

668 1656 706 1698 5.
738 1655 776 1697 D
803 1655 937 1697 NON

253 1741 524 1794 Quaerebam,
556 1741 685 1779 Nonas
718 1740 843 1779 Sanco
862 1771 873 1792 ,
904 1739 1066 1778 Fidione
1099 1739 1312 1789 referrem,

311 1801 370 1839 An
401 1799 501 1852 tibi,
535 1799 649 1838 Semo
682 1805 822 1849 pater.
878 1803 961 1836 tum
994 1797 1088 1836 mihi
1121 1796 1270 1836 Sancus
1302 1797 1376 1834 ait:

167 1868 232 1899 215
254 1855 518 1910 ‘Cuicumque
551 1869 599 1897 ex
629 1858 716 1896 istis
748 1856 931 1908 dederis,
964 1867 1035 1906 ego
1068 1866 1212 1894 munus
1243 1853 1422 1892 habebo.

312 1917 477 1956 Nomina
508 1922 620 1956 terna
651 1916 764 1955 fero.
821 1916 876 1953 sic
908 1913 1066 1953 voluere
1098 1909 1268 1953 Cures.’

255 1975 368 2016 Hunc
399 1977 519 2027 igitur
550 1980 704 2014 veteres
735 1973 931 2012 donarunt
962 1972 1056 2011 aede
1090 1971 1248 2024 Sabini,

313 2034 435 2087 Inque
469 2033 660 2081 Quirinali
693 2034 935 2072 constituere
967 2032 1082 2082 iugo.

729 2124 766 2166 6.
796 2122 884 2165 ΕΝ

258 2209 329 2249 Est
367 2209 462 2249 mihi
492 2231 539 2237 —
570 2210 697 2261 sitque
717 2238 729 2260 ‚
767 2219 938 2259 precor,
975 2206 1121 2245 nostris
1161 2203 1384 2243 diuturnior

987 2275 1098 2303 anms
1131 2284 1174 2290 —

170 2335 237 2366 220
317 2326 441 2378 Filia,
476 2339 550 2378 qua
583 2325 673 2365 felix
707 2325 852 2376 sospite
886 2334 1042 2374 semper
1075 2333 1168 2360 ero.
