<?xml version="1.0" encoding="UTF-8"?>
<!DOCTYPE html PUBLIC "-//W3C//DTD XHTML 1.0 Transitional//EN"
    "http://www.w3.org/TR/xhtml1/DTD/xhtml1-transitional.dtd">
<html xmlns="http://www.w3.org/1999/xhtml" xml:lang="en" lang="en">
 <head>
  <title>
</title>
<meta http-equiv="Content-Type" content="text/html;charset=utf-8" />
  <meta name='ocr-system' content='tesseract 3.04.00' />
  <meta name='ocr-capabilities' content='ocr_page ocr_carea ocr_par ocr_line ocrx_word'/>
</head>
<body>
  <div class='ocr_page' id='page_1' title='image "./ovidopera03oviduoft_0224.png"; bbox 0 0 1570 2527; ppageno 0'>
   <div class='ocr_carea' id='block_1_1' title="bbox 176 99 958 141">
    <p class='ocr_par' dir='ltr' id='par_1_1' title="bbox 176 99 958 141">
     <span class='ocr_line' id='line_1_1' title="bbox 176 99 958 141; baseline -0.014 0"><span class='ocrx_word' id='word_1_1' title='bbox 176 100 258 141; x_wconf 83' lang='lat'>168</span> <span class='ocrx_word' id='word_1_2' title='bbox 714 100 779 132; x_wconf 78' lang='lat' dir='ltr'>Ex</span> <span class='ocrx_word' id='word_1_3' title='bbox 803 99 958 132; x_wconf 77' lang='lat' dir='ltr'>PONTo</span> 
     </span>
    </p>
   </div>
   <div class='ocr_carea' id='block_1_2' title="bbox 205 207 1506 2356">
    <p class='ocr_par' dir='ltr' id='par_1_2' title="bbox 205 207 1506 2356">
     <span class='ocr_line' id='line_1_2' title="bbox 291 207 1278 259; baseline -0.002 -11"><span class='ocrx_word' id='word_1_4' title='bbox 291 209 449 248; x_wconf 84' lang='lat' dir='ltr'>Aemula</span> <span class='ocrx_word' id='word_1_5' title='bbox 482 207 698 258; x_wconf 86' lang='lat' dir='ltr'>Penelopes</span> <span class='ocrx_word' id='word_1_6' title='bbox 731 208 873 259; x_wconf 84' lang='lat' dir='ltr'>fieres,</span> <span class='ocrx_word' id='word_1_7' title='bbox 906 209 938 246; x_wconf 91' lang='lat' dir='ltr'>si</span> <span class='ocrx_word' id='word_1_8' title='bbox 971 207 1105 246; x_wconf 82' lang='lat' dir='ltr'>fraude</span> <span class='ocrx_word' id='word_1_9' title='bbox 1138 207 1278 258; x_wconf 87' lang='lat' dir='ltr'>pudica</span> 
     </span>
     <span class='ocr_line' id='line_1_3' title="bbox 349 265 1195 317; baseline -0.002 -11"><span class='ocrx_word' id='word_1_10' title='bbox 349 268 533 306; x_wconf 78' lang='lat' dir='ltr'>Instantis</span> <span class='ocrx_word' id='word_1_11' title='bbox 565 265 683 304; x_wconf 77' lang='lat' dir='ltr'>velles</span> <span class='ocrx_word' id='word_1_12' title='bbox 717 266 848 304; x_wconf 84' lang='lat' dir='ltr'>fallere</span> <span class='ocrx_word' id='word_1_13' title='bbox 881 271 1000 317; x_wconf 88' lang='lat' dir='ltr'>nupta</span> <span class='ocrx_word' id='word_1_14' title='bbox 1033 278 1195 316; x_wconf 86' lang='lat' dir='ltr'>procos.</span> 
     </span>
     <span class='ocr_line' id='line_1_4' title="bbox 293 325 1296 376; baseline -0.001 -13"><span class='ocrx_word' id='word_1_15' title='bbox 293 325 351 375; x_wconf 90' lang='lat' dir='ltr'>[Si</span> <span class='ocrx_word' id='word_1_16' title='bbox 385 337 515 363; x_wconf 90' lang='lat' dir='ltr'>comes</span> <span class='ocrx_word' id='word_1_17' title='bbox 547 326 707 362; x_wconf 82' lang='lat' dir='ltr'><strong>extincti</strong></span> <span class='ocrx_word' id='word_1_18' title='bbox 741 336 872 363; x_wconf 85' lang='lat' dir='ltr'>manes</span> <span class='ocrx_word' id='word_1_19' title='bbox 904 336 1113 374; x_wconf 77' lang='lat' dir='ltr'>sequerere</span> <span class='ocrx_word' id='word_1_20' title='bbox 1146 325 1296 376; x_wconf 85' lang='lat' dir='ltr'>mariti,</span> 
     </span>
     <span class='ocr_line' id='line_1_5' title="bbox 205 382 1042 423; baseline -0.002 -1"><span class='ocrx_word' id='word_1_21' title='bbox 205 393 269 423; x_wconf 88' lang='lat'>110</span> <span class='ocrx_word' id='word_1_22' title='bbox 350 384 463 421; x_wconf 83' lang='lat' dir='ltr'>Esset</span> <span class='ocrx_word' id='word_1_23' title='bbox 495 383 572 421; x_wconf 83' lang='lat' dir='ltr'>dux</span> <span class='ocrx_word' id='word_1_24' title='bbox 605 383 696 421; x_wconf 82' lang='lat' dir='ltr'>facti</span> <span class='ocrx_word' id='word_1_25' title='bbox 727 382 930 421; x_wconf 78' lang='lat' dir='ltr'>Laodamia</span> <span class='ocrx_word' id='word_1_26' title='bbox 963 385 1042 421; x_wconf 86' lang='lat' dir='ltr'>tui.</span> 
     </span>
     <span class='ocr_line' id='line_1_6' title="bbox 291 440 1338 493; baseline 0 -14"><span class='ocrx_word' id='word_1_27' title='bbox 291 442 418 493; x_wconf 79' lang='lat' dir='ltr'>Iphias</span> <span class='ocrx_word' id='word_1_28' title='bbox 451 447 538 479; x_wconf 86' lang='lat' dir='ltr'>ante</span> <span class='ocrx_word' id='word_1_29' title='bbox 572 441 705 479; x_wconf 89' lang='lat' dir='ltr'>oculos</span> <span class='ocrx_word' id='word_1_30' title='bbox 738 441 809 479; x_wconf 90' lang='lat' dir='ltr'>tihi</span> <span class='ocrx_word' id='word_1_31' title='bbox 841 446 924 479; x_wconf 88' lang='lat' dir='ltr'>erat</span> <span class='ocrx_word' id='word_1_32' title='bbox 954 440 1162 492; x_wconf 85' lang='lat' dir='ltr'>ponenda,</span> <span class='ocrx_word' id='word_1_33' title='bbox 1193 440 1338 479; x_wconf 87' lang='lat' dir='ltr'>volenti</span> 
     </span>
     <span class='ocr_line' id='line_1_7' title="bbox 349 498 1293 550; baseline -0.001 -13"><span class='ocrx_word' id='word_1_34' title='bbox 349 499 500 550; x_wconf 88' lang='lat' dir='ltr'>Corpus</span> <span class='ocrx_word' id='word_1_35' title='bbox 531 501 569 537; x_wconf 88' lang='lat' dir='ltr'>in</span> <span class='ocrx_word' id='word_1_36' title='bbox 603 511 787 538; x_wconf 89' lang='lat' dir='ltr'>accensos</span> <span class='ocrx_word' id='word_1_37' title='bbox 820 501 974 537; x_wconf 86' lang='lat' dir='ltr'>mittere</span> <span class='ocrx_word' id='word_1_38' title='bbox 1007 499 1106 536; x_wconf 81' lang='lat' dir='ltr'>forte</span> <span class='ocrx_word' id='word_1_39' title='bbox 1139 510 1254 549; x_wconf 85' lang='lat' dir='ltr'>rogos</span> <span class='ocrx_word' id='word_1_40' title='bbox 1268 498 1293 547; x_wconf 91' lang='lat'>.]</span> 
     </span>
     <span class='ocr_line' id='line_1_8' title="bbox 289 556 1286 609; baseline -0.002 -13"><span class='ocrx_word' id='word_1_41' title='bbox 289 558 414 596; x_wconf 88' lang='lat' dir='ltr'>Morte</span> <span class='ocrx_word' id='word_1_42' title='bbox 447 558 543 596; x_wconf 91' lang='lat' dir='ltr'>nihil</span> <span class='ocrx_word' id='word_1_43' title='bbox 575 570 673 608; x_wconf 88' lang='lat' dir='ltr'>opus</span> <span class='ocrx_word' id='word_1_44' title='bbox 707 564 793 609; x_wconf 83' lang='lat' dir='ltr'>est,</span> <span class='ocrx_word' id='word_1_45' title='bbox 826 557 921 595; x_wconf 90' lang='lat' dir='ltr'>nihil</span> <span class='ocrx_word' id='word_1_46' title='bbox 952 556 1156 595; x_wconf 80' lang='lat' dir='ltr'>Icariotide</span> <span class='ocrx_word' id='word_1_47' title='bbox 1189 556 1286 594; x_wconf 86' lang='lat' dir='ltr'>tela.</span> 
     </span>
     <span class='ocr_line' id='line_1_9' title="bbox 350 615 1264 666; baseline -0.002 -12"><span class='ocrx_word' id='word_1_48' title='bbox 350 616 524 654; x_wconf 78' lang='lat' dir='ltr'>Caesaris</span> <span class='ocrx_word' id='word_1_49' title='bbox 558 623 616 654; x_wconf 87' lang='lat' dir='ltr'>est</span> <span class='ocrx_word' id='word_1_50' title='bbox 649 617 817 654; x_wconf 86' lang='lat' dir='ltr'>coniunx</span> <span class='ocrx_word' id='word_1_51' title='bbox 850 627 915 653; x_wconf 90' lang='lat' dir='ltr'>ore</span> <span class='ocrx_word' id='word_1_52' title='bbox 948 615 1141 666; x_wconf 89' lang='lat' dir='ltr'>precanda</span> <span class='ocrx_word' id='word_1_53' title='bbox 1173 620 1264 666; x_wconf 86' lang='lat' dir='ltr'>tuo,</span> 
     </span>
     <span class='ocr_line' id='line_1_10' title="bbox 205 674 1370 725; baseline -0.002 -12"><span class='ocrx_word' id='word_1_54' title='bbox 205 683 268 713; x_wconf 80' lang='lat'>115</span> <span class='ocrx_word' id='word_1_55' title='bbox 293 674 416 724; x_wconf 76' lang='lat' dir='ltr'>[Quae</span> <span class='ocrx_word' id='word_1_56' title='bbox 449 679 620 725; x_wconf 80' lang='lat' dir='ltr'>praestat</span> <span class='ocrx_word' id='word_1_57' title='bbox 654 676 794 712; x_wconf 82' lang='lat' dir='ltr'>virtute</span> <span class='ocrx_word' id='word_1_58' title='bbox 828 686 926 725; x_wconf 91' lang='grc'>5113,</span> <span class='ocrx_word' id='word_1_59' title='bbox 958 686 1005 711; x_wconf 90' lang='grc'>116</span> <span class='ocrx_word' id='word_1_60' title='bbox 1039 674 1166 724; x_wconf 77' lang='lat' dir='ltr'>prisca</span> <span class='ocrx_word' id='word_1_61' title='bbox 1198 677 1370 711; x_wconf 86' lang='lat' dir='ltr'>vetustas</span> 
     </span>
     <span class='ocr_line' id='line_1_11' title="bbox 347 732 1275 783; baseline -0.002 -12"><span class='ocrx_word' id='word_1_62' title='bbox 347 733 478 771; x_wconf 87' lang='lat' dir='ltr'>Laude</span> <span class='ocrx_word' id='word_1_63' title='bbox 511 733 719 783; x_wconf 88' lang='lat' dir='ltr'>pudicitiae</span> <span class='ocrx_word' id='word_1_64' title='bbox 753 732 904 771; x_wconf 88' lang='lat' dir='ltr'>saecula</span> <span class='ocrx_word' id='word_1_65' title='bbox 938 737 1069 770; x_wconf 86' lang='lat' dir='ltr'>nostra</span> <span class='ocrx_word' id='word_1_66' title='bbox 1102 737 1275 782; x_wconf 86' lang='lat' dir='ltr'>premat.</span> 
     </span>
     <span class='ocr_line' id='line_1_12' title="bbox 291 788 1377 842; baseline -0.002 -13"><span class='ocrx_word' id='word_1_67' title='bbox 291 791 396 837; x_wconf 87' lang='lat' dir='ltr'>Quae</span> <span class='ocrx_word' id='word_1_68' title='bbox 430 791 591 830; x_wconf 86' lang='lat' dir='ltr'>Veneris</span> <span class='ocrx_word' id='word_1_69' title='bbox 624 792 786 829; x_wconf 87' lang='lat' dir='ltr'>formam</span> <span class='ocrx_word' id='word_1_70' title='bbox 806 822 817 842; x_wconf 93' lang='grc'>,</span> <span class='ocrx_word' id='word_1_71' title='bbox 847 802 977 828; x_wconf 87' lang='lat' dir='ltr'>mores</span> <span class='ocrx_word' id='word_1_72' title='bbox 1009 790 1168 828; x_wconf 89' lang='lat' dir='ltr'>Iunonis</span> <span class='ocrx_word' id='word_1_73' title='bbox 1199 788 1377 827; x_wconf 88' lang='lat' dir='ltr'>hahendo</span> 
     </span>
     <span class='ocr_line' id='line_1_13' title="bbox 351 847 1216 899; baseline -0.002 -11"><span class='ocrx_word' id='word_1_74' title='bbox 351 850 439 888; x_wconf 89' lang='lat' dir='ltr'>Sola</span> <span class='ocrx_word' id='word_1_75' title='bbox 472 855 531 888; x_wconf 88' lang='lat' dir='ltr'>est</span> <span class='ocrx_word' id='word_1_76' title='bbox 563 850 720 888; x_wconf 89' lang='lat' dir='ltr'>caelesti</span> <span class='ocrx_word' id='word_1_77' title='bbox 753 849 866 899; x_wconf 80' lang='lat' dir='ltr'>digna</span> <span class='ocrx_word' id='word_1_78' title='bbox 898 854 1054 899; x_wconf 89' lang='lat' dir='ltr'>reperta</span> <span class='ocrx_word' id='word_1_79' title='bbox 1086 855 1172 886; x_wconf 88' lang='lat' dir='ltr'>toro</span> <span class='ocrx_word' id='word_1_80' title='bbox 1189 847 1216 897; x_wconf 91' lang='lat'>.]</span> 
     </span>
     <span class='ocr_line' id='line_1_14' title="bbox 291 905 1504 958; baseline 0.001 -13"><span class='ocrx_word' id='word_1_81' title='bbox 291 908 390 953; x_wconf 83' lang='lat' dir='ltr'>Quid</span> <span class='ocrx_word' id='word_1_82' title='bbox 425 908 597 958; x_wconf 88' lang='lat' dir='ltr'>trepidas</span> <span class='ocrx_word' id='word_1_83' title='bbox 630 914 669 946; x_wconf 85' lang='lat' dir='ltr'>et</span> <span class='ocrx_word' id='word_1_84' title='bbox 695 907 800 945; x_wconf 88' lang='lat' dir='ltr'>adire</span> <span class='ocrx_word' id='word_1_85' title='bbox 833 909 946 945; x_wconf 85' lang='lat' dir='ltr'>times</span> <span class='ocrx_word' id='word_1_86' title='bbox 966 905 987 945; x_wconf 73' lang='lat'>5&gt;</span> <span class='ocrx_word' id='word_1_87' title='bbox 1019 919 1096 945; x_wconf 89' lang='lat' dir='ltr'>non</span> <span class='ocrx_word' id='word_1_88' title='bbox 1128 907 1246 956; x_wconf 86' lang='lat' dir='ltr'>impia</span> <span class='ocrx_word' id='word_1_89' title='bbox 1272 905 1423 944; x_wconf 87' lang='lat' dir='ltr'>Procne</span> <span class='ocrx_word' id='word_1_90' title='bbox 1448 914 1504 946; x_wconf 82' lang='lat'>(⁷⁷)</span> 
     </span>
     <span class='ocr_line' id='line_1_15' title="bbox 206 965 1225 1016; baseline -0.003 -11"><span class='ocrx_word' id='word_1_91' title='bbox 206 974 270 1005; x_wconf 79' lang='lat'>120</span> <span class='ocrx_word' id='word_1_92' title='bbox 351 966 492 1004; x_wconf 79' lang='lat' dir='ltr'>Filiave</span> <span class='ocrx_word' id='word_1_93' title='bbox 525 967 665 1004; x_wconf 80' lang='lat' dir='ltr'>Aeetae</span> <span class='ocrx_word' id='word_1_94' title='bbox 698 978 789 1003; x_wconf 82' lang='lat' dir='ltr'>voce</span> <span class='ocrx_word' id='word_1_95' title='bbox 823 965 1011 1003; x_wconf 80' lang='lat' dir='ltr'>movenda</span> <span class='ocrx_word' id='word_1_96' title='bbox 1045 971 1109 1003; x_wconf 89' lang='lat' dir='ltr'>tua</span> <span class='ocrx_word' id='word_1_97' title='bbox 1142 970 1225 1016; x_wconf 78' lang='lat' dir='ltr'>est3</span> 
     </span>
     <span class='ocr_line' id='line_1_16' title="bbox 292 1024 1504 1075; baseline -0.002 -13"><span class='ocrx_word' id='word_1_98' title='bbox 292 1024 371 1062; x_wconf 85' lang='lat' dir='ltr'>Nec</span> <span class='ocrx_word' id='word_1_99' title='bbox 406 1037 529 1063; x_wconf 85' lang='lat' dir='ltr'>nurus</span> <span class='ocrx_word' id='word_1_100' title='bbox 560 1025 753 1075; x_wconf 70' lang='lat' dir='ltr'>Aegypti,</span> <span class='ocrx_word' id='word_1_101' title='bbox 792 1036 863 1061; x_wconf 91' lang='lat' dir='ltr'>nec</span> <span class='ocrx_word' id='word_1_102' title='bbox 903 1036 1013 1061; x_wconf 81' lang='lat' dir='ltr'>saeva</span> <span class='ocrx_word' id='word_1_103' title='bbox 1046 1024 1345 1073; x_wconf 83' lang='lat' dir='ltr'>Agamemnonis</span> <span class='ocrx_word' id='word_1_104' title='bbox 1384 1035 1504 1075; x_wconf 79' lang='lat' dir='ltr'>uxor,</span> 
     </span>
     <span class='ocr_line' id='line_1_17' title="bbox 353 1082 1418 1134; baseline -0.001 -14"><span class='ocrx_word' id='word_1_105' title='bbox 353 1083 555 1133; x_wconf 67' lang='lat' dir='ltr'>Scyllaque</span> <span class='ocrx_word' id='word_1_106' title='bbox 575 1114 585 1134; x_wconf 88' lang='lat'><em>,</em></span> <span class='ocrx_word' id='word_1_107' title='bbox 619 1095 717 1133; x_wconf 90' lang='lat' dir='ltr'>quae</span> <span class='ocrx_word' id='word_1_108' title='bbox 752 1082 900 1120; x_wconf 86' lang='lat' dir='ltr'>Siculas</span> <span class='ocrx_word' id='word_1_109' title='bbox 932 1083 1090 1131; x_wconf 83' lang='lat' dir='ltr'>inguine</span> <span class='ocrx_word' id='word_1_110' title='bbox 1123 1087 1247 1119; x_wconf 82' lang='lat' dir='ltr'>terret</span> <span class='ocrx_word' id='word_1_111' title='bbox 1277 1092 1418 1132; x_wconf 82' lang='lat' dir='ltr'>aquas3</span> 
     </span>
     <span class='ocr_line' id='line_1_18' title="bbox 292 1140 1237 1191; baseline -0.001 -13"><span class='ocrx_word' id='word_1_112' title='bbox 292 1141 524 1191; x_wconf 79' lang='lat' dir='ltr'>Telegonive</span> <span class='ocrx_word' id='word_1_113' title='bbox 557 1153 699 1191; x_wconf 87' lang='lat' dir='ltr'>parens</span> <span class='ocrx_word' id='word_1_114' title='bbox 732 1140 928 1178; x_wconf 79' lang='lat' dir='ltr'>vertendis</span> <span class='ocrx_word' id='word_1_115' title='bbox 961 1146 1048 1178; x_wconf 88' lang='lat' dir='ltr'>nata</span> <span class='ocrx_word' id='word_1_116' title='bbox 1080 1140 1237 1190; x_wconf 82' lang='lat' dir='ltr'>figuris,</span> 
     </span>
     <span class='ocr_line' id='line_1_19' title="bbox 351 1197 1266 1249; baseline -0.002 -12"><span class='ocrx_word' id='word_1_117' title='bbox 351 1199 533 1249; x_wconf 68' lang='lat' dir='ltr'>chaque</span> <span class='ocrx_word' id='word_1_118' title='bbox 566 1198 733 1236; x_wconf 82' lang='lat' dir='ltr'>nodosas</span> <span class='ocrx_word' id='word_1_119' title='bbox 766 1210 889 1248; x_wconf 82' lang='lat' dir='ltr'>angue</span> <span class='ocrx_word' id='word_1_120' title='bbox 923 1197 1080 1236; x_wconf 87' lang='lat' dir='ltr'>Medusa</span> <span class='ocrx_word' id='word_1_121' title='bbox 1114 1209 1266 1236; x_wconf 86' lang='lat' dir='ltr'>comas:</span> 
     </span>
     <span class='ocr_line' id='line_1_20' title="bbox 207 1255 1331 1307; baseline -0.002 -12"><span class='ocrx_word' id='word_1_122' title='bbox 207 1265 271 1296; x_wconf 78' lang='lat'>125</span> <span class='ocrx_word' id='word_1_123' title='bbox 294 1257 454 1295; x_wconf 86' lang='lat' dir='ltr'>Femina</span> <span class='ocrx_word' id='word_1_124' title='bbox 488 1257 554 1295; x_wconf 87' lang='lat' dir='ltr'>sed</span> <span class='ocrx_word' id='word_1_125' title='bbox 587 1258 770 1307; x_wconf 85' lang='lat' dir='ltr'>princeps</span> <span class='ocrx_word' id='word_1_126' title='bbox 790 1287 800 1307; x_wconf 85' lang='grc'>,</span> <span class='ocrx_word' id='word_1_127' title='bbox 832 1259 872 1294; x_wconf 96' lang='grc'>111</span> <span class='ocrx_word' id='word_1_128' title='bbox 906 1269 979 1306; x_wconf 89' lang='lat' dir='ltr'>qua</span> <span class='ocrx_word' id='word_1_129' title='bbox 1013 1257 1167 1294; x_wconf 84' lang='lat' dir='ltr'>fortuna</span> <span class='ocrx_word' id='word_1_130' title='bbox 1198 1255 1331 1294; x_wconf 86' lang='lat' dir='ltr'>videre</span> 
     </span>
     <span class='ocr_line' id='line_1_21' title="bbox 353 1313 1258 1366; baseline -0.002 -13"><span class='ocrx_word' id='word_1_131' title='bbox 353 1315 401 1353; x_wconf 91' lang='lat' dir='ltr'>Se</span> <span class='ocrx_word' id='word_1_132' title='bbox 435 1315 573 1366; x_wconf 86' lang='lat' dir='ltr'>probat</span> <span class='ocrx_word' id='word_1_133' title='bbox 606 1321 644 1353; x_wconf 89' lang='lat' dir='ltr'>et</span> <span class='ocrx_word' id='word_1_134' title='bbox 677 1327 812 1353; x_wconf 86' lang='lat' dir='ltr'>caecae</span> <span class='ocrx_word' id='word_1_135' title='bbox 845 1316 1006 1352; x_wconf 86' lang='lat' dir='ltr'>crimina</span> <span class='ocrx_word' id='word_1_136' title='bbox 1039 1314 1130 1352; x_wconf 82' lang='lat' dir='ltr'>falsa</span> <span class='ocrx_word' id='word_1_137' title='bbox 1162 1313 1258 1352; x_wconf 84' lang='lat' dir='ltr'>luit:</span> 
     </span>
     <span class='ocr_line' id='line_1_22' title="bbox 293 1372 1313 1419; baseline -0.002 -8"><span class='ocrx_word' id='word_1_138' title='bbox 293 1374 374 1419; x_wconf 87' lang='lat' dir='ltr'>Qua</span> <span class='ocrx_word' id='word_1_139' title='bbox 409 1373 503 1411; x_wconf 91' lang='lat' dir='ltr'>nihil</span> <span class='ocrx_word' id='word_1_140' title='bbox 535 1375 575 1411; x_wconf 87' lang='grc'>111</span> <span class='ocrx_word' id='word_1_141' title='bbox 607 1375 724 1411; x_wconf 86' lang='lat' dir='ltr'>terris</span> <span class='ocrx_word' id='word_1_142' title='bbox 757 1373 803 1411; x_wconf 88' lang='lat' dir='ltr'>ad</span> <span class='ocrx_word' id='word_1_143' title='bbox 836 1374 951 1410; x_wconf 83' lang='lat' dir='ltr'>finem</span> <span class='ocrx_word' id='word_1_144' title='bbox 985 1372 1076 1410; x_wconf 88' lang='lat' dir='ltr'>solis</span> <span class='ocrx_word' id='word_1_145' title='bbox 1109 1372 1155 1409; x_wconf 87' lang='lat' dir='ltr'>ab</span> <span class='ocrx_word' id='word_1_146' title='bbox 1189 1377 1277 1410; x_wconf 89' lang='lat' dir='ltr'>ortu</span> <span class='ocrx_word' id='word_1_147' title='bbox 1297 1378 1313 1408; x_wconf 74' lang='lat'><em>0</em></span> 
     </span>
     <span class='ocr_line' id='line_1_23' title="bbox 351 1430 1322 1482; baseline -0.003 -12"><span class='ocrx_word' id='word_1_148' title='bbox 351 1431 530 1482; x_wconf 77' lang='lat' dir='ltr'>Clarius,</span> <span class='ocrx_word' id='word_1_149' title='bbox 564 1437 724 1481; x_wconf 83' lang='lat' dir='ltr'>excepto</span> <span class='ocrx_word' id='word_1_150' title='bbox 758 1432 920 1469; x_wconf 82' lang='lat' dir='ltr'>Caesare</span> <span class='ocrx_word' id='word_1_151' title='bbox 941 1462 951 1482; x_wconf 83' lang='lat'><em>‚</em></span> <span class='ocrx_word' id='word_1_152' title='bbox 983 1430 1152 1468; x_wconf 87' lang='lat' dir='ltr'>mundus</span> <span class='ocrx_word' id='word_1_153' title='bbox 1184 1430 1322 1468; x_wconf 88' lang='lat' dir='ltr'>habet.</span> 
     </span>
     <span class='ocr_line' id='line_1_24' title="bbox 292 1488 1213 1540; baseline -0.002 -12"><span class='ocrx_word' id='word_1_154' title='bbox 292 1490 434 1537; x_wconf 68' lang='lat' dir='ltr'>Eligito</span> <span class='ocrx_word' id='word_1_155' title='bbox 468 1496 622 1540; x_wconf 87' lang='lat' dir='ltr'>tempus</span> <span class='ocrx_word' id='word_1_156' title='bbox 656 1496 849 1540; x_wconf 81' lang='lat' dir='ltr'>captatum</span> <span class='ocrx_word' id='word_1_157' title='bbox 882 1501 996 1539; x_wconf 87' lang='lat' dir='ltr'>saepe</span> <span class='ocrx_word' id='word_1_158' title='bbox 1029 1488 1213 1539; x_wconf 86' lang='lat' dir='ltr'>rogandi,</span> 
     </span>
     <span class='ocr_line' id='line_1_25' title="bbox 206 1548 1133 1597; baseline -0.003 -10"><span class='ocrx_word' id='word_1_159' title='bbox 206 1557 271 1588; x_wconf 90' lang='lat'>130</span> <span class='ocrx_word' id='word_1_160' title='bbox 352 1548 472 1587; x_wconf 86' lang='lat' dir='ltr'>Exeat</span> <span class='ocrx_word' id='word_1_161' title='bbox 503 1549 661 1586; x_wconf 80' lang='lat' dir='ltr'>adversa</span> <span class='ocrx_word' id='word_1_162' title='bbox 694 1560 743 1586; x_wconf 90' lang='lat' dir='ltr'>ne</span> <span class='ocrx_word' id='word_1_163' title='bbox 776 1555 840 1586; x_wconf 89' lang='lat' dir='ltr'>tua</span> <span class='ocrx_word' id='word_1_164' title='bbox 874 1549 980 1585; x_wconf 81' lang='lat' dir='ltr'>navis</span> <span class='ocrx_word' id='word_1_165' title='bbox 1013 1559 1133 1597; x_wconf 88' lang='lat' dir='ltr'>aqua.</span> 
     </span>
     <span class='ocr_line' id='line_1_26' title="bbox 291 1606 1288 1657; baseline -0.002 -13"><span class='ocrx_word' id='word_1_166' title='bbox 291 1607 376 1644; x_wconf 87' lang='lat' dir='ltr'>Non</span> <span class='ocrx_word' id='word_1_167' title='bbox 409 1619 565 1657; x_wconf 88' lang='lat' dir='ltr'>semper</span> <span class='ocrx_word' id='word_1_168' title='bbox 598 1619 727 1645; x_wconf 88' lang='lat' dir='ltr'>sacras</span> <span class='ocrx_word' id='word_1_169' title='bbox 759 1606 928 1644; x_wconf 84' lang='lat' dir='ltr'>reddunt</span> <span class='ocrx_word' id='word_1_170' title='bbox 961 1606 1116 1643; x_wconf 82' lang='lat' dir='ltr'>oracula</span> <span class='ocrx_word' id='word_1_171' title='bbox 1149 1606 1288 1656; x_wconf 81' lang='lat' dir='ltr'>sortis,</span> 
     </span>
     <span class='ocr_line' id='line_1_27' title="bbox 350 1664 1277 1715; baseline -0.001 -13"><span class='ocrx_word' id='word_1_172' title='bbox 350 1665 514 1715; x_wconf 75' lang='lat' dir='ltr'>ipsaque</span> <span class='ocrx_word' id='word_1_173' title='bbox 547 1678 623 1703; x_wconf 89' lang='lat' dir='ltr'>non</span> <span class='ocrx_word' id='word_1_174' title='bbox 658 1667 761 1703; x_wconf 88' lang='grc'>0111111</span> <span class='ocrx_word' id='word_1_175' title='bbox 795 1672 970 1714; x_wconf 88' lang='lat' dir='ltr'>tempore</span> <span class='ocrx_word' id='word_1_176' title='bbox 1004 1664 1088 1702; x_wconf 85' lang='lat' dir='ltr'>sana</span> <span class='ocrx_word' id='word_1_177' title='bbox 1122 1668 1277 1714; x_wconf 87' lang='lat' dir='ltr'>patent.</span> 
     </span>
     <span class='ocr_line' id='line_1_28' title="bbox 293 1722 1506 1773; baseline -0.002 -13"><span class='ocrx_word' id='word_1_178' title='bbox 293 1722 389 1761; x_wconf 87' lang='lat' dir='ltr'>Cum</span> <span class='ocrx_word' id='word_1_179' title='bbox 422 1730 545 1761; x_wconf 82' lang='lat' dir='ltr'>status</span> <span class='ocrx_word' id='word_1_180' title='bbox 578 1723 694 1761; x_wconf 86' lang='lat' dir='ltr'>Urbis</span> <span class='ocrx_word' id='word_1_181' title='bbox 728 1725 830 1773; x_wconf 85' lang='lat' dir='ltr'>erit,</span> <span class='ocrx_word' id='word_1_182' title='bbox 872 1722 1023 1772; x_wconf 88' lang='lat' dir='ltr'>qualem</span> <span class='ocrx_word' id='word_1_183' title='bbox 1057 1734 1162 1759; x_wconf 89' lang='lat' dir='ltr'>nunc</span> <span class='ocrx_word' id='word_1_184' title='bbox 1194 1733 1364 1771; x_wconf 87' lang='lat' dir='ltr'>auguror</span> <span class='ocrx_word' id='word_1_185' title='bbox 1397 1732 1506 1772; x_wconf 80' lang='lat' dir='ltr'>esse,</span> 
     </span>
     <span class='ocr_line' id='line_1_29' title="bbox 352 1779 1224 1831; baseline -0.001 -13"><span class='ocrx_word' id='word_1_186' title='bbox 352 1780 400 1819; x_wconf 90' lang='lat' dir='ltr'>Et</span> <span class='ocrx_word' id='word_1_187' title='bbox 432 1781 561 1818; x_wconf 88' lang='lat' dir='ltr'>nullus</span> <span class='ocrx_word' id='word_1_188' title='bbox 594 1781 725 1831; x_wconf 84' lang='lat' dir='ltr'>populi</span> <span class='ocrx_word' id='word_1_189' title='bbox 759 1780 962 1818; x_wconf 85' lang='lat' dir='ltr'>contrahet</span> <span class='ocrx_word' id='word_1_190' title='bbox 994 1791 1059 1817; x_wconf 92' lang='lat' dir='ltr'>ora</span> <span class='ocrx_word' id='word_1_191' title='bbox 1093 1779 1224 1817; x_wconf 86' lang='lat' dir='ltr'>dolor:</span> 
     </span>
     <span class='ocr_line' id='line_1_30' title="bbox 207 1837 1338 1890; baseline -0.003 -12"><span class='ocrx_word' id='word_1_192' title='bbox 207 1847 271 1878; x_wconf 87' lang='lat'>135</span> <span class='ocrx_word' id='word_1_193' title='bbox 295 1839 389 1878; x_wconf 89' lang='lat' dir='ltr'>Cum</span> <span class='ocrx_word' id='word_1_194' title='bbox 424 1839 562 1877; x_wconf 90' lang='lat' dir='ltr'>domus</span> <span class='ocrx_word' id='word_1_195' title='bbox 594 1839 787 1890; x_wconf 80' lang='lat' dir='ltr'>Augusti,</span> <span class='ocrx_word' id='word_1_196' title='bbox 821 1838 982 1888; x_wconf 83' lang='lat' dir='ltr'>Capitoli</span> <span class='ocrx_word' id='word_1_197' title='bbox 1014 1850 1123 1875; x_wconf 88' lang='lat' dir='ltr'>more</span> <span class='ocrx_word' id='word_1_198' title='bbox 1156 1837 1338 1889; x_wconf 83' lang='lat' dir='ltr'>colenda,</span> 
     </span>
     <span class='ocr_line' id='line_1_31' title="bbox 353 1896 1394 1948; baseline -0.001 -13"><span class='ocrx_word' id='word_1_199' title='bbox 353 1897 467 1935; x_wconf 86' lang='lat' dir='ltr'>Laeta</span> <span class='ocrx_word' id='word_1_200' title='bbox 487 1928 497 1948; x_wconf 84' lang='lat'><em>‚</em></span> <span class='ocrx_word' id='word_1_201' title='bbox 530 1898 631 1948; x_wconf 88' lang='lat' dir='ltr'>quod</span> <span class='ocrx_word' id='word_1_202' title='bbox 666 1904 725 1935; x_wconf 87' lang='lat' dir='ltr'>est</span> <span class='ocrx_word' id='word_1_203' title='bbox 757 1903 795 1935; x_wconf 90' lang='lat' dir='ltr'>et</span> <span class='ocrx_word' id='word_1_204' title='bbox 828 1899 904 1947; x_wconf 80' lang='lat' dir='ltr'>sit,</span> <span class='ocrx_word' id='word_1_205' title='bbox 937 1896 1126 1947; x_wconf 86' lang='lat' dir='ltr'>plenaque</span> <span class='ocrx_word' id='word_1_206' title='bbox 1159 1898 1265 1947; x_wconf 87' lang='lat' dir='ltr'>pacis</span> <span class='ocrx_word' id='word_1_207' title='bbox 1296 1897 1394 1934; x_wconf 84' lang='lat' dir='ltr'>erit:</span> 
     </span>
     <span class='ocr_line' id='line_1_32' title="bbox 293 1955 1257 2007; baseline -0.003 -13"><span class='ocrx_word' id='word_1_208' title='bbox 293 1955 392 1994; x_wconf 92' lang='lat' dir='ltr'>Tum</span> <span class='ocrx_word' id='word_1_209' title='bbox 425 1955 524 2007; x_wconf 88' lang='lat' dir='ltr'>tibi,</span> <span class='ocrx_word' id='word_1_210' title='bbox 557 1955 594 1993; x_wconf 89' lang='lat' dir='ltr'>di</span> <span class='ocrx_word' id='word_1_211' title='bbox 629 1956 797 2006; x_wconf 82' lang='lat' dir='ltr'>saciant,</span> <span class='ocrx_word' id='word_1_212' title='bbox 830 1955 995 1993; x_wconf 87' lang='lat' dir='ltr'>adeundi</span> <span class='ocrx_word' id='word_1_213' title='bbox 1028 1956 1136 2005; x_wconf 89' lang='lat' dir='ltr'>copia</span> <span class='ocrx_word' id='word_1_214' title='bbox 1171 1956 1257 2006; x_wconf 78' lang='lat' dir='ltr'>liat,</span> 
     </span>
     <span class='ocr_line' id='line_1_33' title="bbox 352 2013 1286 2064; baseline -0.002 -12"><span class='ocrx_word' id='word_1_215' title='bbox 352 2014 580 2052; x_wconf 81' lang='lat' dir='ltr'>Profectura</span> <span class='ocrx_word' id='word_1_216' title='bbox 614 2013 756 2064; x_wconf 87' lang='lat' dir='ltr'>aliquid</span> <span class='ocrx_word' id='word_1_217' title='bbox 790 2019 872 2051; x_wconf 84' lang='lat' dir='ltr'>tum</span> <span class='ocrx_word' id='word_1_218' title='bbox 906 2020 969 2051; x_wconf 83' lang='lat' dir='ltr'>tua</span> <span class='ocrx_word' id='word_1_219' title='bbox 1002 2013 1117 2051; x_wconf 79' lang='lat' dir='ltr'>verba</span> <span class='ocrx_word' id='word_1_220' title='bbox 1151 2020 1286 2063; x_wconf 83' lang='lat' dir='ltr'>putes.</span> 
     </span>
     <span class='ocr_line' id='line_1_34' title="bbox 294 2072 1397 2123; baseline -0.001 -13"><span class='ocrx_word' id='word_1_221' title='bbox 294 2072 430 2122; x_wconf 84' lang='lat' dir='ltr'>Siquid</span> <span class='ocrx_word' id='word_1_222' title='bbox 463 2079 550 2123; x_wconf 86' lang='lat' dir='ltr'>aget</span> <span class='ocrx_word' id='word_1_223' title='bbox 582 2075 734 2123; x_wconf 87' lang='grc'>11131115,</span> <span class='ocrx_word' id='word_1_224' title='bbox 768 2072 878 2109; x_wconf 80' lang='lat' dir='ltr'>differ</span> <span class='ocrx_word' id='word_1_225' title='bbox 910 2078 975 2109; x_wconf 85' lang='lat' dir='ltr'>tua</span> <span class='ocrx_word' id='word_1_226' title='bbox 1008 2078 1171 2122; x_wconf 85' lang='lat' dir='ltr'>coepta.</span> <span class='ocrx_word' id='word_1_227' title='bbox 1229 2082 1397 2121; x_wconf 85' lang='lat' dir='ltr'>caveque</span> 
     </span>
     <span class='ocr_line' id='line_1_35' title="bbox 207 2131 1189 2181; baseline -0.002 -12"><span class='ocrx_word' id='word_1_228' title='bbox 207 2139 272 2169; x_wconf 83' lang='lat'>140</span> <span class='ocrx_word' id='word_1_229' title='bbox 354 2131 470 2181; x_wconf 86' lang='lat' dir='ltr'>Spem</span> <span class='ocrx_word' id='word_1_230' title='bbox 504 2131 722 2169; x_wconf 80' lang='lat' dir='ltr'>festinando</span> <span class='ocrx_word' id='word_1_231' title='bbox 755 2131 1009 2181; x_wconf 81' lang='lat' dir='ltr'>praecipitare</span> <span class='ocrx_word' id='word_1_232' title='bbox 1042 2142 1189 2167; x_wconf 90' lang='lat' dir='ltr'>meam.</span> 
     </span>
     <span class='ocr_line' id='line_1_36' title="bbox 293 2189 1505 2240; baseline 0 -14"><span class='ocrx_word' id='word_1_233' title='bbox 293 2189 373 2226; x_wconf 87' lang='lat' dir='ltr'>Nec</span> <span class='ocrx_word' id='word_1_234' title='bbox 406 2201 544 2227; x_wconf 83' lang='lat' dir='ltr'>rursus</span> <span class='ocrx_word' id='word_1_235' title='bbox 576 2189 692 2227; x_wconf 89' lang='lat' dir='ltr'>iubeo</span> <span class='ocrx_word' id='word_1_236' title='bbox 715 2221 725 2240; x_wconf 92' lang='grc'>,</span> <span class='ocrx_word' id='word_1_237' title='bbox 752 2190 841 2227; x_wconf 84' lang='grc'>(111111</span> <span class='ocrx_word' id='word_1_238' title='bbox 875 2190 924 2226; x_wconf 89' lang='grc'>511</span> <span class='ocrx_word' id='word_1_239' title='bbox 950 2190 1178 2226; x_wconf 81' lang='lat' dir='ltr'>vacuissima</span> <span class='ocrx_word' id='word_1_240' title='bbox 1200 2218 1210 2238; x_wconf 84' lang='lat'><strong><em>,</em></strong></span> <span class='ocrx_word' id='word_1_241' title='bbox 1238 2199 1423 2237; x_wconf 89' lang='lat' dir='ltr'>quaeras:</span> <span class='ocrx_word' id='word_1_242' title='bbox 1449 2195 1505 2226; x_wconf 80' lang='lat'>(78)</span> 
     </span>
     <span class='ocr_line' id='line_1_37' title="bbox 354 2246 1225 2297; baseline -0.001 -13"><span class='ocrx_word' id='word_1_243' title='bbox 354 2247 538 2297; x_wconf 84' lang='lat' dir='ltr'>Corporis</span> <span class='ocrx_word' id='word_1_244' title='bbox 571 2248 616 2285; x_wconf 88' lang='lat' dir='ltr'>ad</span> <span class='ocrx_word' id='word_1_245' title='bbox 651 2260 783 2285; x_wconf 84' lang='lat' dir='ltr'>curam</span> <span class='ocrx_word' id='word_1_246' title='bbox 816 2249 877 2285; x_wconf 83' lang='lat' dir='ltr'>vix</span> <span class='ocrx_word' id='word_1_247' title='bbox 909 2252 1017 2284; x_wconf 86' lang='lat' dir='ltr'>vacat</span> <span class='ocrx_word' id='word_1_248' title='bbox 1047 2246 1109 2283; x_wconf 90' lang='lat' dir='ltr'>illa</span> <span class='ocrx_word' id='word_1_249' title='bbox 1143 2247 1225 2283; x_wconf 88' lang='lat' dir='ltr'>sui.</span> 
     </span>
     <span class='ocr_line' id='line_1_38' title="bbox 295 2304 1312 2356; baseline -0.001 -14"><span class='ocrx_word' id='word_1_250' title='bbox 295 2304 429 2354; x_wconf 87' lang='lat' dir='ltr'>[Curia</span> <span class='ocrx_word' id='word_1_251' title='bbox 461 2318 549 2343; x_wconf 88' lang='lat' dir='ltr'>cum</span> <span class='ocrx_word' id='word_1_252' title='bbox 582 2305 758 2356; x_wconf 85' lang='lat' dir='ltr'>patribus</span> <span class='ocrx_word' id='word_1_253' title='bbox 791 2307 909 2344; x_wconf 85' lang='lat' dir='ltr'>suerit</span> <span class='ocrx_word' id='word_1_254' title='bbox 940 2306 1077 2354; x_wconf 87' lang='lat' dir='ltr'>stipata</span> <span class='ocrx_word' id='word_1_255' title='bbox 1110 2304 1312 2355; x_wconf 83' lang='lat' dir='ltr'>verendis,</span> 
     </span>
    </p>
   </div>
  </div>
 </body>
</html>
