1570 2527
683 118 711 152 1.
739 120 911 153 33—104.
1378 117 1464 160 215

303 227 391 267 Otia
421 232 528 267 terra
559 227 667 266 ferax
686 257 697 279 ,
729 228 806 266 otia
837 232 982 278 pontus
1013 227 1152 267 habet:

244 286 388 326 Dexter
419 286 511 325 ades
541 285 799 337 patribusque
831 287 911 325 tuis
942 286 1165 338 populoque
1198 286 1374 340 Quirini,

181 354 223 385 70
301 344 352 384 Et
383 357 517 384 resera
548 350 647 384 nutu
679 344 842 383 candida
873 345 1017 396 templa
1049 351 1139 384 tuo.

243 403 436 455 Prospera
468 403 534 442 lux
566 405 692 442 oritur
711 434 720 442 .
775 403 920 454 linguis
951 405 1168 455 animisque
1201 403 1348 443 favete!

301 462 414 501 Nunc
447 462 610 501 dicenda
640 462 742 501 bona
773 469 866 501 sunt
896 462 997 502 bona
1029 462 1145 501 verba
1177 462 1262 502 die.

243 520 327 560 Lite
359 526 498 560 vacent
529 533 674 574 aures,
704 523 919 572 insanaque
951 523 1130 573 protinus
1163 520 1290 561 absint

302 579 460 632 Iurgia;
493 580 604 619 differ
637 592 734 632 opus
753 610 764 632 ,
794 579 909 619 livida
940 580 1056 619 turba
1073 611 1084 633 ,
1116 586 1251 620 tuum.

180 646 223 677 75
245 637 381 677 Cernis
401 671 411 691 ‚
442 639 614 678 odoratis
645 644 690 678 ut
720 638 848 678 luceat
879 639 1036 690 ignibus
1069 638 1227 692 aether,

302 696 353 735 Et
383 703 496 737 sonet
527 699 703 737 accensis
735 699 841 749 spica
873 697 1010 737 Cilissa
1042 695 1174 737 focis?

242 755 415 795 Flamma
446 758 573 795 nitore
607 768 678 795 suo
711 756 947 807 templorum
978 756 1160 796 verberat
1190 767 1353 809 aurum,

300 814 352 852 Et
382 815 594 853 tremulum
627 827 777 853 summa
810 817 958 866 spargit
988 816 1029 854 in
1060 815 1154 854 aede
1187 814 1322 854 iubar.

244 871 426 912 Vestibus
457 874 614 912 intactis
647 872 832 924 Tarpeias
863 875 944 912 itur
974 874 1015 912 in
1047 885 1181 925 arces,

178 939 222 971 80
300 930 350 970 Et
380 931 550 983 populus
582 932 682 970 festo
715 931 899 970 concolor
930 933 1014 984 ipse
1048 944 1119 971 suo
1152 936 1235 971 est.

242 989 401 1041 Iamque
428 992 518 1029 novi
548 995 740 1041 praeeunt
770 990 896 1029 fasces
915 1022 926 1043 ,
958 1003 1056 1030 nova
1087 1002 1263 1042 purpura
1294 989 1440 1043 fulget,

301 1048 351 1087 Et
382 1061 480 1088 nova
513 1051 770 1100 conspicuum
801 1049 975 1100 pondera
1007 1051 1126 1088 sentit
1159 1049 1278 1088 ebur.

243 1106 347 1146 Colla
378 1108 498 1147 rudes
530 1120 695 1159 operum
725 1107 915 1159 praebent
947 1107 1123 1146 ferienda
1153 1109 1332 1159 iuvenci,

301 1165 408 1212 Quos
440 1166 536 1205 aluit
567 1167 714 1218 campis
746 1166 867 1205 herba
898 1166 1048 1205 Falisca
1080 1168 1185 1206 suis.

178 1233 221 1265 85
241 1224 417 1276 Iuppiter
449 1237 538 1264 arce
571 1238 640 1264 sua
673 1230 799 1264 totum
831 1237 921 1264 cum
952 1231 1104 1276 spectet
1134 1227 1175 1264 in
1207 1224 1366 1277 orbem,

303 1283 365 1322 Nil
396 1285 472 1322 nisi
503 1283 752 1335 Romanum,
786 1284 890 1335 quod
921 1290 1108 1335 tueatur,
1141 1283 1279 1323 habet.

244 1342 384 1394 Salve,
417 1342 517 1381 laeta
549 1342 661 1395 dies,
694 1341 912 1394 meliorque
944 1349 1146 1381 revertere
1178 1354 1355 1394 semper,

300 1401 332 1439 A
363 1401 508 1452 populo
540 1413 675 1440 rerum
707 1401 822 1452 digna
853 1406 1014 1452 potente
1047 1400 1144 1440 coli.

244 1458 366 1505 Quem
400 1465 532 1498 tamen
564 1471 650 1499 esse
683 1459 801 1498 deum
832 1465 871 1498 te
903 1459 1058 1512 dicam,
1089 1459 1180 1498 Iane
1212 1456 1425 1499 biformis?

179 1526 223 1558 90
301 1518 398 1557 Nam
430 1518 501 1557 tibi
532 1530 603 1569 par
634 1517 785 1557 nullum
818 1518 979 1557 Graecia
1010 1530 1157 1557 numen
1187 1518 1327 1558 habet.

245 1576 326 1616 Ede
360 1576 475 1616 simul
508 1589 693 1629 causam,
727 1588 799 1616 cur
830 1577 878 1615 de
910 1576 1145 1616 caelestibus
1178 1589 1280 1615 unus

304 1635 440 1687 Sitque
473 1635 578 1687 quod
609 1647 630 1674 a
662 1641 801 1687 tergo,
834 1637 963 1686 sitque
996 1635 1099 1687 quod
1132 1640 1221 1674 ante
1240 1667 1250 1687 ,
1283 1633 1424 1675 vides?

244 1693 347 1733 Haec
379 1706 450 1745 ego
483 1706 574 1734 cum
606 1696 772 1746 sumptis
804 1696 991 1745 agitarem
1022 1699 1153 1733 mente
1185 1693 1359 1746 tabellis,

301 1752 487 1792 Lucidior
516 1754 598 1792 visa
631 1759 718 1805 est,
752 1765 867 1804 quam
900 1753 973 1792 fuit
1004 1758 1093 1791 ante
1112 1784 1124 1803 ,
1155 1752 1316 1792 domus.

179 1821 223 1852 95
243 1811 355 1851 Tunc
387 1824 498 1851 sacer
529 1813 691 1863 ancipiti
718 1812 924 1851 mirandus
955 1813 1123 1863 imagine
1155 1811 1270 1851 Ianus

302 1870 399 1909 Bina
428 1883 572 1922 repens
605 1871 728 1910 oculis
761 1870 903 1917 obtulit
933 1883 1001 1910 ora
1032 1872 1152 1909 meis.

243 1929 417 1968 Extimui
449 1932 633 1981 sensique
666 1935 773 1969 metu
805 1931 973 1981 riguisse
1006 1929 1188 1982 capillos,

302 1987 353 2027 Et
384 1988 556 2039 gelidum
588 1988 717 2027 subito
750 1989 895 2039 frigore
926 1993 1066 2039 pectus
1099 1993 1205 2026 erat.

244 2047 311 2086 Ille
343 2052 482 2086 tenens
514 2047 697 2086 haculum
729 2047 865 2086 dextra
896 2046 1122 2098 clavemque
1155 2046 1313 2085 sinistra

157 2114 224 2146 100
303 2105 435 2145 Edidit
465 2106 537 2144 hos
568 2106 682 2145 nobis
714 2118 782 2144 ore
813 2106 945 2156 priore
977 2117 1117 2144 sonos:

245 2161 381 2203 eDisce
413 2170 521 2204 metu
552 2166 680 2216 posito
699 2196 710 2216 ,
742 2169 848 2203 vates
881 2176 1045 2216 operose
1078 2163 1253 2216 dierum,

305 2223 416 2269 Quod
449 2224 580 2276 petis,
613 2229 653 2262 et
682 2235 798 2262 voces
830 2224 989 2275 percipe
1022 2228 1151 2261 mente
1184 2235 1312 2262 meas.

244 2281 304 2320 Me
332 2282 456 2321 Chaos
482 2284 633 2333 antiqui
657 2304 704 2310 —
724 2294 813 2320 nam
839 2294 926 2320 sum
952 2294 1016 2320 res
1043 2283 1173 2333 prisca
1191 2304 1239 2308 —
1257 2280 1465 2321 vocabant.

303 2340 473 2394 Aspice,
505 2353 621 2393 quam
653 2340 760 2392 longi
790 2342 978 2392 temporis
1010 2346 1095 2380 acta
1126 2353 1288 2381 canam.
1362 2342 1383 2357 ⁶
