1570 2527
554 127 581 159 Ι.
608 134 641 159 11
661 128 810 160 26-97.
1271 123 1354 165 125

191 234 319 274 Mollia
351 234 563 285 naufragiis
595 234 710 273 litora
741 247 857 285 posse
889 234 995 274 dari.

132 293 230 332 Cum
261 292 372 332 video
393 324 404 344 ,
435 304 552 343 quam
584 294 663 331 sint
695 305 779 331 mea
812 293 887 333 fata
919 293 1098 345 tenacia,
1130 292 1312 344 srang0r3

192 352 369 403 Spesque
401 350 497 390 levis
529 363 668 402 magno
701 353 803 390 victa
834 353 974 390 timore
1008 351 1132 390 cadit.

68 418 112 450 65
132 410 212 449 Nec
245 416 374 449 tamen
406 409 574 448 ulterius
608 411 816 461 quicquam
850 422 1013 461 sperove
1046 421 1258 461 precorve,

195 469 320 514 Quam
351 468 449 507 male
482 474 630 507 mutato
663 481 779 519 posse
813 481 946 507 carere
978 468 1090 507 loco.

132 528 210 566 Aut
240 528 314 565 hoc
334 559 345 578 ,
376 533 442 565 aut
474 526 570 565 nihil
602 533 690 579 est,
727 539 799 578 pro
832 539 893 566 me
926 532 1117 578 temptare
1149 526 1324 566 modeste

192 586 323 624 Gratia
357 585 460 636 quod
493 585 597 623 salvo
629 591 758 624 vestra
789 586 940 637 pudore
973 591 1113 636 queat.

134 644 298 695 Suscipe
318 675 329 695 ‚
361 644 556 682 Romanae
589 644 769 683 facundia
788 676 798 695 ‚
830 643 1025 697 Maxime,
1056 644 1210 695 linguae

68 711 111 744 70
191 702 366 741 Difficilis
400 714 538 741 causae
571 704 664 741 mite
696 704 984 754 patrocinium.

131 761 202 800 Est
233 761 331 799 mala
350 792 360 812 ,
393 761 612 799 confiteor:
656 761 725 799 sed
757 767 794 799 te
827 761 927 799 bona
959 762 1026 800 fiet
1058 766 1220 812 agente:

161 825 163 827 '
189 819 310 858 Lenia
341 831 412 870 pro
444 820 587 857 misera
619 819 677 857 fac
710 819 825 857 modo
858 819 976 858 verba
1007 821 1120 869 fuga.

132 878 268 917 Nescit
299 879 403 916 enim
436 877 605 928 Caesar,
638 879 814 928 quamvis
848 877 944 916 deus
977 879 1107 916 omnia
1138 879 1266 928 norit,

191 936 360 975 Ultimus
391 936 454 974 hic
488 948 562 987 qua
596 938 646 974 sit
678 936 907 975 condicione
940 936 1073 975 locus.

69 1003 112 1035 75
133 995 270 1046 Magna
302 1000 439 1033 tenent
469 994 564 1033 illud
599 1007 745 1034 numen
777 994 975 1034 molimina
1007 1007 1166 1047 rerum3

191 1054 294 1093 Haec
327 1059 388 1093 est
419 1053 578 1092 caelesti
610 1060 769 1105 pectore
802 1066 896 1093 cura
927 1055 1079 1093 minor.

132 1113 212 1152 Nec
243 1119 382 1164 vacat,
414 1114 455 1151 in
488 1125 563 1163 qua
596 1114 674 1151 sint
705 1113 824 1164 positi
854 1114 1014 1164 regione
1047 1112 1245 1164 Tomitae,

192 1171 422 1222 Quaerere,
455 1172 618 1209 finitimo
651 1172 714 1210 vix
745 1171 829 1210 loca
862 1178 954 1210 nota
985 1171 1132 1210 Getae:

133 1231 211 1269 Aut
242 1230 336 1281 quid
365 1229 617 1269 Sauromatae
649 1230 814 1282 faciant,
849 1230 942 1281 quid
973 1230 1130 1281 Iazyges
1164 1242 1297 1281 acres,

68 1297 112 1328 80
192 1289 382 1340 Cultaque
416 1288 603 1327 Oresteae
635 1289 802 1327 Taurica
834 1294 939 1327 terra
971 1288 1089 1327 deae:

135 1348 322 1399 Quaeque
348 1347 443 1386 aliae
470 1354 632 1399 genum,
665 1346 733 1386 ubi
759 1348 904 1398 frigore
932 1348 1108 1386 constitit
1132 1346 1286 1399 Hister,
1319 1356 1358 1386 (3)

192 1406 296 1445 Dura
327 1411 459 1445 meant
491 1405 610 1445 celeri
642 1411 751 1456 terga
782 1418 853 1457 per
885 1407 1008 1445 amnis
1042 1417 1166 1456 equo.

134 1465 298 1504 Maxima
330 1477 422 1515 pars
453 1464 657 1503 hominum
689 1476 762 1503 nec
794 1470 833 1503 te
852 1495 863 1516 ‚
895 1464 1160 1516 pulcherrima
1180 1495 1190 1515 ‚
1224 1470 1358 1516 curat,

193 1523 342 1575 Roma,
375 1535 447 1562 nec
481 1523 642 1562 Ausonii
672 1523 808 1562 militis
839 1535 946 1562 arma
978 1524 1111 1562 timet.

71 1590 114 1621 85
135 1582 234 1621 Dant
266 1582 342 1620 illis
374 1583 524 1620 animos
556 1594 670 1621 arcus
701 1582 918 1633 plenaeque
950 1581 1157 1633 pharetrae

194 1641 398 1691 Quamque
430 1639 526 1679 libet
557 1641 683 1692 longis
716 1641 899 1680 cursibus
932 1646 1046 1692 aptus
1079 1653 1228 1693 equus,

137 1699 328 1750 Quodque
355 1700 460 1738 sitim
492 1699 664 1738 didicere
697 1699 765 1738 diu
796 1699 963 1739 tolerare
997 1700 1240 1750 famemque,

195 1757 387 1809 Quodque
419 1770 590 1809 sequens
623 1758 747 1797 nullas
780 1758 905 1797 hostis
936 1757 1096 1797 habehit
1127 1770 1270 1810 aquas.

136 1817 196 1860 lra
228 1818 302 1855 viri
333 1817 439 1855 mitis
471 1829 549 1855 non
582 1829 643 1855 me
676 1818 849 1856 misisset
880 1819 921 1856 in
952 1819 1091 1870 istam,

71 1883 115 1914 9ο
196 1875 237 1914 Si
269 1876 363 1914 satis
394 1875 491 1914 haec
522 1875 577 1914 illi
610 1881 700 1915 nota
732 1877 873 1915 fuisset
903 1876 1072 1916 humus.

134 1933 215 1972 Nec
248 1945 309 1972 me
329 1965 339 1986 ‚
364 1946 438 1973 nec
464 1946 699 1985 quemquam
726 1934 943 1974 Romanum
969 1934 1113 1986 gaudet
1144 1934 1191 1973 ab
1224 1935 1358 1986 hoste,

194 1992 333 2043 Meque
367 1994 497 2032 minus
516 2025 527 2045 ,
560 1994 676 2032 vitam
708 1995 773 2032 cui
804 1993 920 2033 dabat
950 1995 1064 2045 ipse,
1097 1995 1205 2045 capi.

136 2050 297 2102 Noluit,
330 2057 374 2090 ut
405 2057 588 2103 poterat,
620 2054 781 2091 minimo
813 2064 876 2090 me
907 2052 1074 2103 perdere
1106 2057 1229 2091 nutu.

196 2109 257 2148 Nil
290 2122 388 2161 opus
421 2116 481 2149 est
512 2110 601 2149 ullis
633 2113 674 2149 in
705 2123 791 2150 mea
824 2111 900 2150 sata
932 2110 1063 2149 Getis.

72 2176 115 2207 95
138 2167 213 2207 Sed
245 2180 404 2221 neque,
436 2181 506 2208 cur
538 2181 744 2222 morerer,
777 2171 986 2221 quicquam
1018 2169 1114 2208 mihi
1145 2171 1336 2222 comperit

866 2234 1020 2280 actum,

195 2284 244 2325 Et
274 2287 405 2326 minus
437 2287 633 2339 infestus,
667 2299 784 2339 quam
817 2287 891 2326 suit
909 2318 919 2339 ,
952 2299 1038 2327 esse
1070 2293 1223 2339 potest.

137 2343 248 2383 Tunc
280 2356 436 2397 quoque
468 2346 522 2386 nil
554 2347 676 2397 fecit,
709 2347 786 2385 nisi
812 2346 916 2397 quod
948 2347 1078 2386 facere
1108 2348 1193 2399 ipse
1226 2348 1357 2398 coegi:
