1570 2527
184 95 240 137 98
736 95 960 127 TRISTIUM

303 203 467 243 Difficile
506 210 589 255 est,
627 203 754 255 quod,
794 204 938 255 amice,
976 215 1132 254 mones,
1171 205 1260 254 qnia
1299 203 1469 241 carmina

863 261 1006 300 laetum

304 320 404 359 Sunt
435 331 533 371 opus
565 324 604 358 et
634 331 769 370 pacem
801 321 942 358 mentis
973 318 1117 358 habere
1149 318 1304 358 volunt.

263 386 282 416 5
303 378 441 417 Nostra
474 389 545 428 per
577 376 757 416 adversas
789 379 915 428 agitur
947 377 1101 416 fortuna
1133 377 1347 430 procellas,

305 436 417 474 Sorte
450 447 523 474 nec
555 435 629 474 ulla
662 447 746 474 mea
778 437 928 474 tristior
960 448 1045 474 esse
1077 441 1227 486 potest.

304 494 437 544 Exigis
457 525 467 545 ,
498 499 543 533 ut
573 493 751 532 Priamus
784 500 964 532 natorum
996 494 1132 532 sunere
1165 493 1294 545 ludat,

303 551 353 591 Et
383 551 505 590 Niobe
539 552 659 590 festos
691 552 806 590 ducat
838 558 882 590 ut
913 551 1007 590 orba
1039 549 1213 590 choros?

303 609 491 649 Luctibus
524 622 572 649 an
605 609 733 648 studio
766 609 899 648 videor
931 609 1074 648 debere
1106 611 1255 661 teneri,

242 677 284 707 10
307 668 420 707 Solus
452 670 493 707 in
525 673 722 707 extremos
754 669 884 707 iussus
917 667 1023 706 abire
1057 665 1206 706 Getas?

303 726 378 765 Des
410 726 501 765 licet
531 728 570 765 in
602 726 725 765 valido
758 733 895 777 pectus
926 726 1021 764 mihi
1052 725 1192 764 robore
1225 725 1392 777 fultum,

303 784 418 823 Fama
450 785 572 823 refert
602 785 717 835 Anyti
749 784 860 835 quale
894 785 1013 823 fuisse
1047 796 1138 822 reo:

302 843 439 882 Fracta
472 843 584 881 cadet
615 848 743 881 tantae
776 844 963 893 sapientia
995 842 1095 880 mole
1127 843 1285 881 ruinae.

303 900 395 940 Plus
427 901 526 940 valet
557 901 736 940 humanis
769 900 916 939 viribus
948 902 1004 939 ira
1036 900 1124 939 dei.

241 967 282 997 15
304 958 370 997 Ille
403 971 550 1011 senex,
583 959 709 998 dictus
742 960 896 1009 sapiens
929 958 974 997 ab
1006 958 1180 1009 Apolline
1199 989 1210 1010 ,
1242 958 1393 997 nullum

305 1016 486 1056 Scribere
517 1019 558 1055 in
589 1017 662 1056 hoc
695 1029 786 1056 casu
819 1018 1070 1056 sustinuisset
1101 1028 1222 1068 opus.

303 1075 353 1114 Ut
384 1076 539 1114 veniant
570 1077 717 1126 patriae
736 1106 747 1127 ,
780 1077 936 1113 veniant
967 1075 1106 1113 oblivia
1137 1076 1279 1126 vestri,

304 1133 510 1172 Omnis.et
541 1135 673 1172 amissi
705 1145 844 1172 sensus
877 1133 1012 1172 abesse
1045 1139 1185 1184 queat:

304 1192 352 1230 At
382 1193 498 1230 timor
531 1192 658 1230 ostiolo
692 1192 799 1242 fungi
832 1197 935 1230 vetat
965 1193 1048 1242 ipse
1081 1193 1280 1242 quietum:

241 1259 282 1288 20
305 1250 464 1289 Cinctus
497 1249 543 1288 ab
576 1252 781 1288 innumero
814 1262 875 1288 me
908 1255 1015 1288 tenet
1045 1249 1157 1288 hoste
1189 1249 1320 1288 locus!

303 1308 439 1360 Adde,
472 1308 575 1359 quod
607 1310 806 1359 ingenium
838 1308 950 1358 longa
982 1307 1159 1357 robigine
1191 1308 1337 1346 laesum

304 1366 450 1417 Torpet
481 1372 520 1405 et
551 1372 610 1405 est
643 1366 792 1418 multo,
826 1378 940 1417 quam
973 1367 1046 1405 suit
1077 1372 1164 1405 ante
1183 1397 1194 1418 ,
1227 1367 1378 1405 minus.

303 1424 459 1462 Fertilis
478 1456 488 1476 ,
520 1424 675 1463 assiduo
708 1426 741 1463 si
772 1436 848 1462 non
874 1430 1086 1463 renovatur
1117 1430 1268 1475 aratro,

303 1482 363 1520 Nil
396 1484 471 1521 nisi
503 1494 591 1521 eum
624 1484 746 1533 spinis
778 1494 936 1532 gramen
969 1481 1126 1521 habebit
1158 1495 1271 1534 ager.

240 1549 283 1579 25
304 1541 495 1591 Tempore
528 1543 594 1592 qui
626 1540 740 1591 longo
774 1542 957 1592 steterit,
989 1541 1086 1580 male
1119 1546 1253 1579 curret
1284 1546 1323 1580 et
1353 1542 1457 1580 inter

306 1598 536 1637 Caroeribus
569 1600 708 1638 missos
740 1599 900 1638 ultimus
932 1599 1003 1638 ibit
1035 1611 1182 1650 equus.

305 1656 478 1695 Vertitur
509 1659 549 1695 in
581 1663 756 1695 teneram
790 1659 932 1696 cariem
965 1659 1153 1708 rimisque
1185 1657 1373 1709 dehiscit,

306 1714 425 1765 Siqua
457 1715 522 1753 diu
556 1714 679 1753 solitis
713 1714 851 1753 cumba
883 1715 1032 1753 vacabit
1063 1717 1197 1766 aquis.

303 1773 363 1811 Me
395 1784 551 1824 quoque
583 1772 745 1823 despera
765 1804 775 1824 ,
807 1774 947 1811 fuerim
981 1785 1069 1812 eum
1101 1785 1242 1824 parvus
1274 1779 1313 1812 et
1344 1780 1458 1826 ante,

239 1839 283 1870 30
303 1830 389 1882 Illi,
422 1832 489 1881 qui
520 1830 698 1882 fueram,
729 1843 843 1882 posse
876 1831 1005 1869 redire
1037 1843 1192 1882 parem.

305 1888 490 1928 Contudit
520 1890 719 1939 ingenium
752 1891 936 1939 patientia
968 1889 1080 1940 longa
1113 1889 1325 1942 malorum,

304 1946 353 1985 Et
385 1959 473 1998 pars
505 1949 654 1998 antiqui
685 1946 790 1985 nulla
821 1949 964 1997 vigoris
997 1948 1127 1986 adest.

306 2004 424 2056 Siqua
468 2010 597 2045 tamen
641 2005 782 2057 nobis,
822 2011 866 2044 ut
908 2017 1012 2044 nunc
1059 2019 1242 2058 qnoque,
1287 2012 1439 2058 sumpta

1029 2064 1168 2103 tabella
1200 2070 1281 2116 est,

304 2120 426 2172 Inque
459 2133 550 2160 suos
583 2122 686 2160 volni
718 2134 858 2173 eogere
890 2122 1007 2160 verba
1038 2122 1181 2174 pedeS,

238 2187 283 2218 35
305 2179 484 2218 Carmina
515 2180 619 2219 nulla
651 2180 746 2218 mihi
777 2186 868 2218 sunt
900 2181 1044 2230 scripta
1063 2211 1074 2231 ,
1107 2186 1172 2219 aut
1204 2180 1330 2230 qualia
1362 2182 1516 2232 cernis,

304 2236 424 2287 Digna
456 2239 518 2276 sui
549 2238 696 2276 domini
727 2243 902 2289 tempore
921 2269 932 2290 ,
964 2238 1077 2288 digna
1109 2238 1216 2277 loeo.

305 2294 479 2346 Denique
512 2307 590 2334 non
621 2308 759 2347 parvas
791 2298 918 2335 animo
951 2296 1014 2335 dat
1045 2296 1166 2348 gloria
1197 2298 1323 2349 vires,
