1570 2527
120 118 204 159 194
661 121 724 151 EX
749 119 906 151 PONTo

297 228 420 267 Verba
441 259 451 279 ‚
483 228 588 267 velut
620 229 772 279 tinguat
804 227 954 278 singula
975 259 985 279 ‚
1017 227 1124 266 virus
1156 227 1323 266 hahent.

173 295 217 326 35
239 286 426 326 Hostibus
460 288 639 338 eveniat,
673 298 787 337 quam
820 288 873 324 sis
905 286 1099 324 violentus
1131 287 1170 324 in
1203 288 1344 338 armis,

299 345 452 383 Sentire
486 350 524 383 et
555 344 708 395 linguae
741 345 816 383 tela
850 344 981 383 subire
1015 350 1127 383 tuae.

242 403 347 449 Quae
382 403 451 441 tibi
485 409 560 441 tam
593 405 702 441 tenui
734 415 827 441 cura
860 403 1073 454 limantur,
1105 408 1149 441 ut
1181 414 1316 441 omnes

300 462 416 500 Istius
449 463 648 512 ingenium
683 463 858 512 corporis
892 473 977 499 esse
1012 468 1176 511 negent.

238 520 285 558 At
317 522 468 570 siquem
501 520 600 558 laedi
633 520 789 558 fortuna
822 521 951 557 cernis
983 520 1139 570 iniqua,

176 587 218 616 40
298 577 451 616 Mollior
484 584 542 616 est
574 580 701 616 animo
735 579 877 616 femina
908 576 1012 616 nulla
1045 583 1136 616 tuo.

241 636 322 674 Hoc
356 649 425 687 ego
458 638 668 687 praecipue
702 638 835 687 sensi,
868 648 956 674 cum
989 647 1126 686 magna
1157 647 1335 674 meorum

299 695 484 733 Notitiam
518 707 607 746 pars
640 700 699 733 est
731 696 892 733 infitiata
926 695 1023 732 mei.

240 752 436 791 Inmemor
468 753 624 792 illorum
644 784 654 804 ‚
687 755 807 791 vestri
839 764 917 791 non
948 754 1141 791 inmemor
1173 764 1380 804 umquam,

300 812 375 857 Qui
408 812 506 850 mala
538 812 695 850 solliciti
726 818 859 850 nostra
890 812 1054 862 levatis,
1087 823 1176 850 ero.

174 879 217 908 45
238 869 287 908 Et
321 872 428 921 prius
460 871 524 909 hic
556 872 719 909 nimium
751 870 864 908 nobis
897 870 1163 908 conterminus
1194 868 1326 908 Hister
1383 877 1457 910 (118)

298 929 341 966 In
374 935 491 979 caput
522 928 674 967 Euxino
707 929 754 967 de
786 941 892 967 mare
924 933 1051 966 vertet
1082 929 1180 978 iter,

239 986 366 1038 thue
400 987 615 1038 Thyesteae
649 987 810 1025 redeant
842 989 874 1025 si
906 993 1080 1037 tempora
1113 998 1294 1038 mensae,

301 1045 400 1083 Solis
434 1046 480 1083 ad
514 1058 602 1084 eoas
635 1058 776 1084 currus
809 1052 945 1096 agetur
977 1057 1120 1095 aquas,

240 1103 363 1150 Quam
391 1106 596 1154 quisquam
622 1111 795 1143 vestrum
810 1135 820 1155 ,
842 1106 908 1154 qui
930 1115 989 1141 me
1014 1103 1194 1141 doluistis
1217 1102 1459 1156 ademptum,

177 1171 220 1201 50
300 1164 447 1213 Arguat
478 1165 673 1213 ingratum
706 1175 783 1200 non
816 1163 1039 1200 meminisse
1072 1163 1154 1200 sui.

740 1289 842 1336 VII.

239 1395 382 1434 Missus
414 1408 455 1434 es
488 1395 658 1434 Euxinas
692 1396 875 1446 quoniam
895 1427 905 1447 ,
937 1394 1130 1447 Vestalis,
1169 1395 1214 1433 ad
1253 1395 1401 1448 undas,

301 1454 349 1493 Ut
381 1456 519 1504 positis
551 1455 691 1493 reddas
724 1456 809 1492 iura
842 1454 914 1492 sub
947 1466 1016 1492 axe
1048 1454 1166 1505 locis,

241 1513 393 1563 Aspicis
427 1525 473 1551 en
506 1525 692 1563 praesens
712 1544 722 1563 ,
755 1512 859 1563 quali
890 1514 1084 1551 iaceamus
1116 1514 1156 1550 in
1189 1524 1303 1564 arvo,

300 1571 380 1610 Nec
412 1584 473 1609 me
506 1573 617 1610 testis
651 1573 728 1610 eris
760 1571 853 1610 falsa
886 1571 1010 1610 solere
1044 1572 1179 1621 queri.

202 1638 221 1668 5
242 1629 410 1668 Accedet
444 1631 530 1668 voci
561 1642 632 1681 per
663 1635 701 1668 te
734 1642 811 1668 non
844 1631 954 1668 irrita
986 1635 1166 1680 nostrae,

301 1688 450 1738 Alpinis
482 1690 634 1727 iuvenis
666 1688 826 1738 regibus
858 1694 971 1739 orte,
1003 1688 1122 1726 fides.

241 1745 329 1797 Ipse
362 1747 468 1784 vides
501 1754 606 1785 certe
639 1746 759 1796 glacie
794 1759 1049 1784 concrescere
1081 1746 1272 1797 Pontum,

300 1804 387 1855 Ipse
421 1804 527 1842 vides
559 1804 684 1854 rigido
718 1806 857 1842 stantia
889 1806 976 1842 vina
1008 1804 1120 1855 ge1u3

243 1862 330 1913 Ipse
363 1862 500 1914 vides,
533 1868 692 1900 onerata
724 1863 830 1900 ferox
864 1868 908 1900 ut
940 1863 1055 1900 ducat
1087 1862 1197 1913 Iazyx

183 1930 223 1959 10
303 1921 377 1959 Per
411 1922 556 1959 medias
588 1920 711 1959 Histri
742 1921 914 1971 plaustra
947 1919 1141 1959 bubulcus
1173 1932 1317 1971 aquas.

244 1980 397 2030 Aspicis
431 1985 470 2017 et
500 1981 601 2018 mitti
634 1979 706 2018 sub
739 1979 889 2017 adunco
922 1980 1048 2018 toxica
1081 1979 1208 2031 ferro,

302 2038 351 2076 Et
383 2038 502 2076 telum
537 2049 672 2077 causas
704 2039 842 2076 mortis
874 2037 1018 2076 habere
1051 2038 1168 2076 duas.

246 2096 373 2147 Atque
406 2098 554 2134 utinam
587 2108 677 2147 pars
709 2096 803 2134 haec
836 2101 985 2134 tantum
1020 2101 1191 2147 spectata
1223 2096 1384 2148 fuisset,

304 2155 388 2192 Non
422 2156 536 2193 etiam
569 2156 729 2205 proprio
762 2156 915 2205 cognita
946 2154 1067 2192 Marte
1101 2153 1193 2192 tibi!

183 2222 224 2251 15
246 2213 423 2251 Tendisti
456 2213 501 2251 ad
534 2215 702 2264 primum
734 2225 805 2264 per
837 2213 954 2251 densa
986 2212 1159 2263 pericula
1192 2212 1336 2264 pilum,

305 2271 475 2321 Contigit
507 2284 552 2310 ex
584 2274 723 2310 merito
758 2273 825 2322 qui
856 2270 925 2310 tibi
957 2283 1083 2321 nuper
1115 2271 1261 2309 honor.

247 2328 305 2367 Sit
335 2329 427 2367 licet
458 2330 521 2368 hic
553 2329 691 2369 titulus
723 2330 847 2380 plenis
879 2329 950 2368 tibi
982 2328 1174 2368 fructibus
1205 2331 1365 2381 ingens,
1385 2339 1459 2371 (11⁹)
