1570 2527
97 117 183 159 204
642 117 706 149 Ex
730 116 888 149 PONTO

275 226 422 265 Cedere
455 226 651 264 Danuvius
685 237 725 263 se
758 223 858 275 tibi,
890 223 1004 276 Nile,
1038 230 1174 275 negat.

216 284 334 336 Copia
367 290 423 324 tot
454 284 615 322 laticum
635 315 645 335 ‚
679 295 774 334 quas
807 288 950 334 auget,
983 282 1175 321 adulterat
1207 283 1352 336 undas,

151 351 195 383 60
275 343 354 381 Nec
386 343 533 394 patitur
566 344 667 380 vires
700 353 846 392 aequor
878 340 1021 379 habere
1056 353 1167 380 suas.

216 401 318 446 Quin
351 403 466 440 etiam
486 432 496 452 ,
529 406 664 451 stagno
698 400 832 439 similis
865 400 1075 450 pigraeque
1107 399 1261 452 paludi,
1359 408 1434 440 (133)

275 459 488 498 Caeruleus
520 460 581 497 vix
616 464 675 498 est
707 457 949 508 diluiturque
981 457 1110 496 color.

215 517 367 556 Innatat
399 517 502 556 unda
535 517 633 556 freto
667 516 790 555 dulcis
810 548 820 567 ,
852 516 1052 567 leviorque
1084 518 1230 555 marina
1263 522 1347 570 est,

276 575 382 621 Quae
416 577 620 627 proprium
652 577 772 613 mixto
806 574 852 613 de
886 574 963 616 sale
996 574 1148 625 pondus
1180 574 1321 614 habet.

153 642 195 674 65
218 634 259 673 Si
291 640 403 685 roget
434 634 529 673 haec
563 633 702 684 aliquis
735 645 805 672 cur
838 635 916 671 sint
947 638 1100 671 narrata
1132 633 1301 685 Pedoni,

276 692 424 738 Quidve
457 692 564 743 loqui
596 694 714 731 certis
746 693 889 731 iuverit
919 693 993 730 ista
1024 689 1183 730 modis?

217 750 402 803 Detinui‚
436 751 590 802 dicam,
623 756 778 801 tempus
811 762 1003 800 curasque
1036 749 1178 788 fefelli.

277 809 390 848 Hunc
423 810 594 848 fructum
627 821 814 860 praesens
847 808 975 847 attulit
1006 808 1099 846 hora
1131 808 1249 847 mihi.

221 868 401 907 Afuimus
434 869 575 918 solito,
609 867 701 907 dum
734 866 942 905 scribimus
974 868 1075 917 ista,
1108 866 1264 918 dolore,

155 935 198 966 70
278 926 322 965 ln
353 926 491 965 mediis
524 938 597 965 nec
629 938 700 964 nos
733 927 927 964 sensimus
959 936 1045 963 esse
1079 923 1207 963 Getis.

218 985 266 1024 At
297 990 368 1037 tu,
402 997 479 1023 non
513 984 677 1035 dubito,
710 996 798 1022 cum
831 983 981 1021 Thesea
1014 984 1185 1022 carmine
1218 982 1374 1036 laudes,

276 1044 459 1082 Materiae
492 1042 626 1082 titulos
660 1044 753 1093 quin
787 1048 920 1081 tueare
954 1049 1065 1092 tuae,

218 1102 421 1152 Quemque
454 1102 578 1140 refers
599 1133 611 1152 ,
641 1102 795 1140 imitere
822 1102 950 1139 virum
971 1130 979 1139 .
1028 1105 1132 1138 vetat
1162 1099 1226 1139 ille
1259 1101 1435 1152 profecto

277 1159 493 1211 Tranquilli
525 1161 706 1198 comitem
740 1160 928 1210 temporis
960 1170 1046 1197 esse
1079 1158 1215 1197 fidem.

154 1226 197 1258 75
232 1218 307 1264 Qui
340 1230 572 1269 quamquam
607 1223 666 1256 est
698 1218 809 1256 sactis
841 1219 978 1268 ingens
1011 1222 1050 1255 et
1081 1216 1262 1256 conditur
1293 1229 1314 1256 a
1345 1224 1382 1257 te

279 1276 344 1315 Vir
377 1282 483 1315 tanto
503 1308 514 1328 ‚
547 1281 690 1327 quanto
724 1275 859 1314 debuit
891 1287 958 1313 ore
991 1276 1100 1326 cani,

220 1335 289 1374 Est
321 1341 450 1374 tamen
484 1347 531 1373 ex
562 1334 627 1373 illo
659 1333 772 1372 nobis
803 1332 988 1372 imitabile
1022 1333 1228 1384 quiddam:

277 1393 399 1444 Inque
432 1393 506 1432 fide
539 1392 715 1431 Theseus
747 1392 910 1443 quilibet
943 1403 1028 1430 esse
1060 1398 1211 1442 potest.

217 1452 303 1490 Non
337 1451 407 1490 tibi
439 1457 531 1490 sunt
562 1451 694 1489 hostes
727 1451 831 1489 ferro
865 1450 1048 1501 clavaque
1081 1450 1283 1503 domandi,

155 1519 198 1550 80
278 1510 353 1549 Per
387 1522 484 1561 quos
518 1511 579 1548 vix
612 1509 680 1548 ulli
712 1510 870 1560 pervius
901 1508 1069 1547 Isthmos
1102 1514 1207 1547 erat:

220 1568 297 1607 Sed
329 1568 586 1620 praestandus
619 1579 755 1619 amor,
788 1580 852 1606 res
884 1579 962 1606 non
994 1579 1156 1618 operosa
1188 1566 1353 1607 volenti.

280 1627 376 1672 Quis
408 1626 516 1665 labor
549 1632 608 1665 est
639 1638 777 1677 puram
808 1638 886 1664 non
919 1632 1130 1664 temerasse
1163 1623 1312 1664 fidem?

217 1684 322 1724 Haec
353 1684 424 1724 tibi
443 1716 454 1736 ‚
486 1686 553 1736 qui
584 1691 737 1735 perstas
768 1683 1028 1723 indeclinatus
1060 1685 1208 1736 amico,
1359 1692 1434 1724 (134)

279 1743 363 1782 Non
396 1749 455 1781 est
488 1742 591 1793 quod
623 1742 752 1793 lingua
785 1742 886 1781 dicta
920 1749 1108 1793 querente
1140 1747 1277 1793 putes.

727 1869 804 1915 XI.

219 1975 370 2027 Gallio,
403 1976 551 2014 crimen
585 1976 659 2013 erit
691 1976 751 2013 vix
784 1974 1004 2013 excusabile
1036 1974 1171 2027 nobis,

279 2034 458 2073 Carmine
491 2040 528 2073 te
562 2045 702 2072 nomen
735 2045 812 2071 non
845 2032 1026 2071 habuisse
1059 2045 1170 2072 meo.

220 2092 279 2131 Tu
313 2104 469 2143 quoque
501 2094 606 2130 enim
631 2114 677 2119 —
703 2093 859 2130 memini
885 2113 930 2119 —
963 2091 1122 2130 caelesti
1147 2091 1308 2143 cuspide
1335 2092 1433 2131 facta

279 2150 308 2188 F
312 2152 426 2189 ovisti
458 2150 627 2189 lacrimis
660 2150 819 2188 vulnera
852 2156 984 2188 nostra
1016 2151 1116 2188 tuis.

178 2216 197 2247 5
218 2209 344 2259 Atque
377 2211 527 2248 utinam
560 2210 660 2260 rapti
692 2210 840 2247 iactura
872 2208 1000 2246 laesus
1033 2209 1144 2246 amici

278 2267 476 2306 Sensisses
508 2267 609 2306 ultra
629 2298 639 2318 ,
673 2267 776 2318 quod
809 2277 1020 2317 quererere
1040 2296 1050 2316 ‚
1083 2265 1200 2305 nihil!

216 2324 302 2363 Non
334 2326 388 2364 ita
419 2325 478 2364 dis
509 2325 682 2377 placuit,
715 2326 784 2376 qui
814 2331 852 2363 te
885 2324 1050 2375 spoliare
1083 2324 1222 2375 pudica
