1570 2527
619 134 664 166 11.
693 136 887 166 349-421.
1335 130 1420 172 245

259 242 359 287 Quid
392 243 486 281 tacis
507 240 528 281 ‘B
572 254 617 281 ex
651 243 736 281 istis
768 242 958 281 Romulus
992 242 1089 280 alter
1122 240 1218 280 erit!

199 301 308 339 lussa
340 307 568 340 recusantes
599 307 792 351 peragunt
823 301 1027 339 lacrimosa
1060 301 1253 351 ministri,

258 359 371 398 Flent
402 366 530 398 tamen
552 391 561 408 ,
594 366 632 397 et
663 360 839 409 geminos
871 361 910 398 in
943 359 1027 397 loca
1058 361 1162 397 iussa
1195 357 1350 397 ferunt.

199 417 335 456 Albula
356 449 366 468 ,
398 430 514 468 quem
547 417 719 456 Tiberim
754 429 905 456 mersus
939 417 1149 455 Tiberinus
1180 418 1220 455 in
1254 416 1367 455 undis

111 485 179 516 390
259 476 470 526 Reddidit,
503 476 678 514 hibernis
711 476 810 514 sorte
844 475 1018 514 tumebat
1050 477 1184 526 aquis.

199 534 300 585 Hic,
335 534 400 573 ubi
433 547 536 573 nunc
569 535 651 573 fora
684 541 776 573 sunt
796 566 805 584 ,
837 534 974 573 lintres
1007 546 1140 572 errare
1174 533 1349 585 videres,

259 593 422 644 Quaque
454 596 582 631 iacent
615 593 729 632 valles
749 624 759 640 ,
792 593 954 631 Maxime
989 592 1098 631 Circe
1119 625 1130 643 ,
1162 598 1274 630 tuae.

198 651 282 690 Huc
319 652 384 691 ubi
417 659 632 702 venerunt,
660 674 701 678 —
729 664 856 702 neque
884 654 987 690 enim
1014 651 1228 702 procedere
1254 657 1421 702 possunt

258 710 430 761 Longius
463 733 505 737 —
539 723 585 749 ex
618 710 693 748 illis
726 723 828 748 unus
861 717 898 748 et
930 711 1027 748 alter
1060 712 1136 748 ait:

112 777 179 809 395
201 766 263 807 ‘At
296 781 411 820 quam
444 775 536 808 sunt
568 768 742 807 similes!
787 775 824 806 at
857 781 972 819 quam
1006 769 1200 807 formosus
1234 767 1420 820 uterque!

258 827 350 866 Plus
385 836 511 865 tamen
545 840 591 865 ex
622 827 698 865 illis
730 829 803 865 iste
838 829 981 877 vigoris
1013 827 1151 865 habet.

201 885 239 924 Si
273 898 398 936 genus
431 887 609 936 arguitur
642 886 777 935 voltu,
811 886 885 923 nisi
920 885 1015 923 fallit
1046 887 1196 936 imago,

258 944 398 983 Nescio
431 956 546 995 quem
581 946 688 982 venis
721 945 898 994 suspicer
931 956 1015 982 esse
1049 940 1210 982 deum.'

201 1001 263 1042 ‘At
296 1005 419 1053 siquis
452 1009 601 1041 vestrae
635 1003 732 1041 deus
765 1009 870 1041 esset
901 1003 1062 1053 originis
1094 1008 1253 1053 auctor,

113 1070 181 1102 400
261 1062 304 1100 ln
338 1068 414 1100 tam
448 1063 652 1112 praecipiti
686 1069 860 1112 tempore
889 1061 1011 1099 ferret
1043 1073 1180 1112 opem:

200 1120 339 1159 Ferret
370 1132 484 1170 opem
516 1127 623 1159 certe
644 1153 653 1170 ‚
686 1122 718 1158 si
750 1132 828 1158 non
861 1132 933 1171 ope
968 1127 1090 1158 mater
1123 1125 1280 1171 egeret,

261 1179 366 1224 Quae
400 1179 499 1217 facta
532 1185 592 1217 est
623 1191 700 1217 uno
733 1185 857 1216 mater
891 1185 929 1217 et
961 1178 1054 1216 orba
1087 1178 1172 1218 die.

199 1237 296 1276 Nata
329 1238 473 1288 simul,
506 1239 695 1276 moritura
729 1237 872 1287 simul,
905 1237 1021 1275 simul
1053 1238 1105 1275 ite
1139 1236 1211 1275 sub
1245 1237 1368 1276 undas

259 1296 430 1347 Corpora
451 1293 484 1334 2'
531 1296 730 1347 desierat,
763 1296 1022 1346 deposuitque
1057 1297 1167 1334 sinu.

113 1364 181 1395 405
203 1354 415 1405 vagierunt
447 1355 559 1393 ambo
593 1357 767 1405 pariter:
813 1356 982 1392 sensisse
1016 1360 1197 1405 putares.

260 1413 309 1452 Hi
341 1413 509 1452 redeunt
541 1413 627 1452 udis
659 1416 698 1451 in
732 1425 801 1452 sua
834 1419 936 1452 tecta
968 1415 1100 1464 genis.

202 1472 380 1511 Sustinet
411 1474 615 1523 impositos
648 1484 796 1511 summa
830 1484 947 1510 cavus
980 1472 1111 1510 alveus
1144 1471 1272 1510 unda.

260 1531 343 1569 Heu
378 1538 566 1581 quantum
600 1531 667 1569 sati
699 1543 814 1581 parva
849 1530 986 1569 tabella
1019 1530 1130 1569 tulit!

201 1589 341 1628 Alveus
373 1591 412 1627 in
446 1589 536 1627 limo
570 1589 675 1627 silvis
707 1589 893 1640 adpulsus
925 1591 1056 1640 opacis

112 1657 181 1688 410
261 1647 453 1686 Paulatim
485 1648 603 1686 ssuvio
637 1648 842 1687 deficiente
876 1648 1009 1686 sedet.

200 1706 327 1745 Arbor
359 1714 470 1745 erat:
515 1714 719 1745 remanent
752 1708 941 1759 vestigia,
974 1719 1152 1758 quaeque
1186 1713 1346 1746 vocatur

259 1765 425 1804 Rumina
459 1778 563 1804 nunc
595 1765 721 1816 ficus,
754 1765 918 1804 Romula
951 1766 1047 1804 ficus
1081 1773 1185 1804 erat.
1401 1802 1412 1812 ,

202 1823 314 1863 Venit
346 1824 391 1862 ad
426 1826 623 1875 expositos
650 1846 693 1851 —
721 1824 887 1863 mirum!
913 1846 958 1851 —-
986 1824 1074 1876 lupa
1108 1825 1183 1863 feta
1216 1824 1420 1876 gemellos.

261 1883 357 1928 Quis
390 1883 523 1921 credat
556 1885 689 1934 pueris
722 1895 799 1921 non
832 1885 1014 1922 nocuisse
1047 1881 1202 1921 feram?

113 1950 180 1981 415
201 1941 286 1980 Non
320 1944 501 1980 nocuisse
536 1954 672 1992 parum
706 1949 796 1992 est,
827 1942 988 1993 prodest
1021 1954 1208 1992 quoque.
1265 1954 1363 1992 quos

930 2000 1019 2051 lupa
1052 2002 1198 2050 nutrit,

260 2058 432 2097 Perdere
465 2064 650 2109 cognatae
683 2060 906 2097 sustinuere
941 2070 1100 2097 manus.

202 2117 417 2168 Constitit,
450 2125 488 2156 et
519 2117 640 2155 cauda
676 2119 821 2155 teneris
854 2117 1050 2155 blanditur
1084 2117 1273 2169 alumnis,

260 2176 309 2215 Et
340 2177 450 2226 fingit
483 2176 614 2226 lingua
646 2188 811 2226 corpora
842 2175 933 2214 bina
965 2188 1055 2214 sua.

203 2234 325 2274 Marte
358 2242 463 2274 satos
496 2237 648 2274 scires:
694 2237 810 2272 timor
842 2235 966 2273 afuit.
1025 2234 1145 2273 ubera
1177 2235 1351 2286 ducunt,

113 2302 181 2333 420
262 2293 343 2332 Nec
375 2294 450 2332 sibi
482 2295 663 2345 promissi
696 2293 806 2332 lactis
839 2293 996 2332 aluntur
1028 2306 1124 2345 ope.

202 2352 270 2391 Illa
301 2352 386 2391 loco
418 2365 561 2391 nomen
595 2353 715 2404 fecit,
747 2353 856 2392 locus
887 2354 971 2403 ipse
1003 2352 1198 2404 lupercis.
