<?xml version="1.0" encoding="UTF-8"?>
<!DOCTYPE html PUBLIC "-//W3C//DTD XHTML 1.0 Transitional//EN"
    "http://www.w3.org/TR/xhtml1/DTD/xhtml1-transitional.dtd">
<html xmlns="http://www.w3.org/1999/xhtml" xml:lang="en" lang="en">
 <head>
  <title>
</title>
<meta http-equiv="Content-Type" content="text/html;charset=utf-8" />
  <meta name='ocr-system' content='tesseract 3.04.00' />
  <meta name='ocr-capabilities' content='ocr_page ocr_carea ocr_par ocr_line ocrx_word'/>
</head>
<body>
  <div class='ocr_page' id='page_1' title='image "./ovidopera03oviduoft_0059.png"; bbox 0 0 1570 2527; ppageno 0'>
   <div class='ocr_carea' id='block_1_1' title="bbox 598 88 1433 129">
    <p class='ocr_par' dir='ltr' id='par_1_1' title="bbox 598 88 1433 129">
     <span class='ocr_line' id='line_1_1' title="bbox 598 88 1433 129; baseline 0.007 -6"><span class='ocrx_word' id='word_1_1' title='bbox 598 91 627 123; x_wconf 89' lang='grc' dir='ltr'>Ι.</span> <span class='ocrx_word' id='word_1_2' title='bbox 653 98 670 123; x_wconf 91' lang='lat'>1</span> <span class='ocrx_word' id='word_1_3' title='bbox 691 92 841 124; x_wconf 79' lang='lat'>102—11</span> <span class='ocrx_word' id='word_1_4' title='bbox 860 91 916 124; x_wconf 88' lang='lat'>43.</span> <span class='ocrx_word' id='word_1_5' title='bbox 1406 88 1433 129; x_wconf 84' lang='lat'>5</span> 
     </span>
    </p>
   </div>
   <div class='ocr_carea' id='block_1_2' title="bbox 128 198 1427 2371">
    <p class='ocr_par' dir='ltr' id='par_1_2' title="bbox 128 198 1427 2371">
     <span class='ocr_line' id='line_1_2' title="bbox 201 198 1140 250; baseline -0.001 -11"><span class='ocrx_word' id='word_1_6' title='bbox 201 199 348 239; x_wconf 83' lang='lat' dir='ltr'>Oderat</span> <span class='ocrx_word' id='word_1_7' title='bbox 379 199 538 238; x_wconf 84' lang='lat' dir='ltr'>Aenean</span> <span class='ocrx_word' id='word_1_8' title='bbox 569 200 732 250; x_wconf 85' lang='lat' dir='ltr'>propior</span> <span class='ocrx_word' id='word_1_9' title='bbox 766 198 949 237; x_wconf 88' lang='lat' dir='ltr'>Saturnia</span> <span class='ocrx_word' id='word_1_10' title='bbox 980 198 1140 238; x_wconf 85' lang='lat' dir='ltr'>Turno:</span> 
     </span>
     <span class='ocr_line' id='line_1_3' title="bbox 200 257 1103 298; baseline -0.001 -1"><span class='ocrx_word' id='word_1_11' title='bbox 200 258 267 297; x_wconf 91' lang='lat' dir='ltr'>Ille</span> <span class='ocrx_word' id='word_1_12' title='bbox 299 264 431 298; x_wconf 88' lang='lat' dir='ltr'>tamen</span> <span class='ocrx_word' id='word_1_13' title='bbox 462 257 626 296; x_wconf 91' lang='lat' dir='ltr'>Veneris</span> <span class='ocrx_word' id='word_1_14' title='bbox 659 258 820 296; x_wconf 88' lang='lat' dir='ltr'>numine</span> <span class='ocrx_word' id='word_1_15' title='bbox 853 263 962 297; x_wconf 92' lang='lat' dir='ltr'>tutus</span> <span class='ocrx_word' id='word_1_16' title='bbox 996 263 1103 297; x_wconf 89' lang='lat' dir='ltr'>erat.</span> 
     </span>
     <span class='ocr_line' id='line_1_4' title="bbox 203 315 1234 368; baseline 0 -13"><span class='ocrx_word' id='word_1_17' title='bbox 203 316 327 368; x_wconf 82' lang='lat' dir='ltr'>Saepe</span> <span class='ocrx_word' id='word_1_18' title='bbox 360 317 471 355; x_wconf 83' lang='lat' dir='ltr'>ferox</span> <span class='ocrx_word' id='word_1_19' title='bbox 503 321 662 356; x_wconf 89' lang='lat' dir='ltr'>cautum</span> <span class='ocrx_word' id='word_1_20' title='bbox 694 317 808 367; x_wconf 86' lang='lat' dir='ltr'>petiit</span> <span class='ocrx_word' id='word_1_21' title='bbox 833 315 1040 368; x_wconf 87' lang='lat' dir='ltr'>Neptunus</span> <span class='ocrx_word' id='word_1_22' title='bbox 1076 315 1234 355; x_wconf 85' lang='lat' dir='ltr'>Ulixen:</span> 
     </span>
     <span class='ocr_line' id='line_1_5' title="bbox 138 374 1013 427; baseline 0 -13"><span class='ocrx_word' id='word_1_23' title='bbox 138 384 181 415; x_wconf 91' lang='lat'>10</span> <span class='ocrx_word' id='word_1_24' title='bbox 201 375 359 427; x_wconf 89' lang='lat' dir='ltr'>Eripuit</span> <span class='ocrx_word' id='word_1_25' title='bbox 389 381 529 427; x_wconf 87' lang='lat' dir='ltr'>patruo</span> <span class='ocrx_word' id='word_1_26' title='bbox 563 387 679 426; x_wconf 89' lang='lat' dir='ltr'>saepe</span> <span class='ocrx_word' id='word_1_27' title='bbox 711 374 886 414; x_wconf 86' lang='lat' dir='ltr'>Minerva</span> <span class='ocrx_word' id='word_1_28' title='bbox 918 387 1013 415; x_wconf 91' lang='lat' dir='ltr'>suo.</span> 
     </span>
     <span class='ocr_line' id='line_1_6' title="bbox 199 433 1263 486; baseline -0.001 -13"><span class='ocrx_word' id='word_1_29' title='bbox 199 434 250 473; x_wconf 92' lang='lat' dir='ltr'>Et</span> <span class='ocrx_word' id='word_1_30' title='bbox 281 434 395 473; x_wconf 88' lang='lat' dir='ltr'>nohis</span> <span class='ocrx_word' id='word_1_31' title='bbox 427 433 582 486; x_wconf 83' lang='lat' dir='ltr'>aliquod</span> <span class='ocrx_word' id='word_1_32' title='bbox 604 466 615 486; x_wconf 88' lang='lat'>‚</span> <span class='ocrx_word' id='word_1_33' title='bbox 648 435 825 485; x_wconf 89' lang='lat' dir='ltr'>quamvis</span> <span class='ocrx_word' id='word_1_34' title='bbox 857 433 1049 473; x_wconf 84' lang='lat' dir='ltr'>distamus</span> <span class='ocrx_word' id='word_1_35' title='bbox 1081 433 1128 472; x_wconf 87' lang='lat' dir='ltr'>ab</span> <span class='ocrx_word' id='word_1_36' title='bbox 1160 433 1263 486; x_wconf 89' lang='lat' dir='ltr'>illis,</span> 
     </span>
     <span class='ocr_line' id='line_1_7' title="bbox 201 490 1058 539; baseline -0.001 -7"><span class='ocrx_word' id='word_1_37' title='bbox 201 492 298 539; x_wconf 88' lang='lat' dir='ltr'>Quis</span> <span class='ocrx_word' id='word_1_38' title='bbox 330 498 435 532; x_wconf 89' lang='lat' dir='ltr'>vetat</span> <span class='ocrx_word' id='word_1_39' title='bbox 466 495 566 532; x_wconf 89' lang='lat' dir='ltr'>irato</span> <span class='ocrx_word' id='word_1_40' title='bbox 599 505 747 532; x_wconf 90' lang='lat' dir='ltr'>numen</span> <span class='ocrx_word' id='word_1_41' title='bbox 780 493 917 532; x_wconf 86' lang='lat' dir='ltr'>adesse</span> <span class='ocrx_word' id='word_1_42' title='bbox 951 490 1058 532; x_wconf 85' lang='lat' dir='ltr'>deo‘?</span> 
     </span>
     <span class='ocr_line' id='line_1_8' title="bbox 200 551 1230 603; baseline 0 -13"><span class='ocrx_word' id='word_1_43' title='bbox 200 551 327 591; x_wconf 90' lang='lat' dir='ltr'>Verba</span> <span class='ocrx_word' id='word_1_44' title='bbox 359 553 479 591; x_wconf 90' lang='lat' dir='ltr'>miser</span> <span class='ocrx_word' id='word_1_45' title='bbox 511 552 660 591; x_wconf 85' lang='lat' dir='ltr'>frustra</span> <span class='ocrx_word' id='word_1_46' title='bbox 691 563 770 590; x_wconf 85' lang='lat' dir='ltr'>non</span> <span class='ocrx_word' id='word_1_47' title='bbox 802 552 1049 603; x_wconf 85' lang='lat' dir='ltr'>proficientia</span> <span class='ocrx_word' id='word_1_48' title='bbox 1083 551 1230 603; x_wconf 89' lang='lat' dir='ltr'>perdo.</span> 
     </span>
     <span class='ocr_line' id='line_1_9' title="bbox 200 610 1192 663; baseline 0 -14"><span class='ocrx_word' id='word_1_49' title='bbox 200 610 288 661; x_wconf 89' lang='lat' dir='ltr'>Ipsa</span> <span class='ocrx_word' id='word_1_50' title='bbox 320 623 457 662; x_wconf 87' lang='lat' dir='ltr'>graves</span> <span class='ocrx_word' id='word_1_51' title='bbox 492 616 683 662; x_wconf 83' lang='lat' dir='ltr'>spargunt</span> <span class='ocrx_word' id='word_1_52' title='bbox 715 622 784 649; x_wconf 87' lang='lat' dir='ltr'>ora</span> <span class='ocrx_word' id='word_1_53' title='bbox 815 610 1014 662; x_wconf 88' lang='lat' dir='ltr'>loquentis</span> <span class='ocrx_word' id='word_1_54' title='bbox 1046 623 1192 663; x_wconf 86' lang='lat' dir='ltr'>aquae,</span> 
     </span>
     <span class='ocr_line' id='line_1_10' title="bbox 138 669 1324 722; baseline 0.002 -15"><span class='ocrx_word' id='word_1_55' title='bbox 138 677 179 708; x_wconf 90' lang='lat'>15</span> <span class='ocrx_word' id='word_1_56' title='bbox 203 669 487 719; x_wconf 88' lang='lat' dir='ltr'>Terribilisque</span> <span class='ocrx_word' id='word_1_57' title='bbox 520 675 638 708; x_wconf 90' lang='lat' dir='ltr'>notus</span> <span class='ocrx_word' id='word_1_58' title='bbox 670 670 789 708; x_wconf 90' lang='lat' dir='ltr'>iactat</span> <span class='ocrx_word' id='word_1_59' title='bbox 819 682 905 708; x_wconf 88' lang='lat' dir='ltr'>mea</span> <span class='ocrx_word' id='word_1_60' title='bbox 938 669 1040 709; x_wconf 86' lang='lat' dir='ltr'>dicta</span> <span class='ocrx_word' id='word_1_61' title='bbox 1059 701 1070 722; x_wconf 87' lang='lat'><em>‚</em></span> <span class='ocrx_word' id='word_1_62' title='bbox 1106 681 1324 721; x_wconf 83' lang='lat' dir='ltr'>precesque</span> 
     </span>
     <span class='ocr_line' id='line_1_11' title="bbox 200 727 1141 779; baseline 0 -13"><span class='ocrx_word' id='word_1_63' title='bbox 200 727 257 767; x_wconf 89' lang='lat' dir='ltr'>Ad</span> <span class='ocrx_word' id='word_1_64' title='bbox 291 739 390 779; x_wconf 90' lang='lat' dir='ltr'>quos</span> <span class='ocrx_word' id='word_1_65' title='bbox 424 728 666 779; x_wconf 76' lang='lat' dir='ltr'>mittuntur,</span> <span class='ocrx_word' id='word_1_66' title='bbox 697 739 776 765; x_wconf 91' lang='lat' dir='ltr'>non</span> <span class='ocrx_word' id='word_1_67' title='bbox 808 729 901 766; x_wconf 89' lang='lat' dir='ltr'>sinit</span> <span class='ocrx_word' id='word_1_68' title='bbox 932 729 991 766; x_wconf 87' lang='lat' dir='ltr'>ire</span> <span class='ocrx_word' id='word_1_69' title='bbox 1024 728 1141 767; x_wconf 91' lang='lat' dir='ltr'>deos.</span> 
     </span>
     <span class='ocr_line' id='line_1_12' title="bbox 200 785 1207 839; baseline 0.001 -15"><span class='ocrx_word' id='word_1_70' title='bbox 200 786 305 837; x_wconf 88' lang='lat' dir='ltr'>Ergo</span> <span class='ocrx_word' id='word_1_71' title='bbox 338 785 442 824; x_wconf 90' lang='lat' dir='ltr'>idem</span> <span class='ocrx_word' id='word_1_72' title='bbox 474 787 611 837; x_wconf 78' lang='lat' dir='ltr'>venti,</span> <span class='ocrx_word' id='word_1_73' title='bbox 643 797 693 824; x_wconf 86' lang='lat' dir='ltr'>ne</span> <span class='ocrx_word' id='word_1_74' title='bbox 721 797 837 825; x_wconf 86' lang='lat' dir='ltr'>causa</span> <span class='ocrx_word' id='word_1_75' title='bbox 868 786 1000 825; x_wconf 90' lang='lat' dir='ltr'>laedar</span> <span class='ocrx_word' id='word_1_76' title='bbox 1031 788 1072 825; x_wconf 92' lang='lat' dir='ltr'>in</span> <span class='ocrx_word' id='word_1_77' title='bbox 1104 799 1207 839; x_wconf 85' lang='lat' dir='ltr'>una,</span> 
     </span>
     <span class='ocr_line' id='line_1_13' title="bbox 200 844 1206 896; baseline 0.002 -14"><span class='ocrx_word' id='word_1_78' title='bbox 200 844 371 896; x_wconf 88' lang='lat' dir='ltr'>Velaque</span> <span class='ocrx_word' id='word_1_79' title='bbox 403 846 537 884; x_wconf 89' lang='lat' dir='ltr'>nescio</span> <span class='ocrx_word' id='word_1_80' title='bbox 572 856 649 895; x_wconf 93' lang='lat' dir='ltr'>quo</span> <span class='ocrx_word' id='word_1_81' title='bbox 682 850 849 895; x_wconf 87' lang='lat' dir='ltr'>votaque</span> <span class='ocrx_word' id='word_1_82' title='bbox 881 850 1018 884; x_wconf 89' lang='lat' dir='ltr'>nostra</span> <span class='ocrx_word' id='word_1_83' title='bbox 1050 845 1206 884; x_wconf 86' lang='lat' dir='ltr'>ferunt.</span> 
     </span>
     <span class='ocr_line' id='line_1_14' title="bbox 201 903 1359 956; baseline 0 -14"><span class='ocrx_word' id='word_1_84' title='bbox 201 903 262 943; x_wconf 92' lang='lat' dir='ltr'>Me</span> <span class='ocrx_word' id='word_1_85' title='bbox 294 905 484 943; x_wconf 88' lang='lat' dir='ltr'>miserum</span> <span class='ocrx_word' id='word_1_86' title='bbox 503 934 514 955; x_wconf 87' lang='lat'><em>,</em></span> <span class='ocrx_word' id='word_1_87' title='bbox 548 905 685 955; x_wconf 90' lang='lat' dir='ltr'>quanti</span> <span class='ocrx_word' id='word_1_88' title='bbox 716 909 870 942; x_wconf 89' lang='lat' dir='ltr'>montes</span> <span class='ocrx_word' id='word_1_89' title='bbox 901 904 1114 943; x_wconf 85' lang='lat' dir='ltr'>volvuntur</span> <span class='ocrx_word' id='word_1_90' title='bbox 1146 904 1359 956; x_wconf 80' lang='lat' dir='ltr'>aquarum!</span> 
     </span>
     <span class='ocr_line' id='line_1_15' title="bbox 135 962 1116 1014; baseline 0.001 -13"><span class='ocrx_word' id='word_1_91' title='bbox 135 962 281 1002; x_wconf 80' lang='lat' dir='ltr'>201am</span> <span class='ocrx_word' id='word_1_92' title='bbox 313 964 389 1001; x_wconf 91' lang='lat' dir='ltr'>iam</span> <span class='ocrx_word' id='word_1_93' title='bbox 422 967 598 1002; x_wconf 86' lang='lat' dir='ltr'>tacturos</span> <span class='ocrx_word' id='word_1_94' title='bbox 632 962 760 1001; x_wconf 91' lang='lat' dir='ltr'>sidera</span> <span class='ocrx_word' id='word_1_95' title='bbox 793 974 945 1002; x_wconf 90' lang='lat' dir='ltr'>summa</span> <span class='ocrx_word' id='word_1_96' title='bbox 976 968 1116 1014; x_wconf 85' lang='lat' dir='ltr'>putes.</span> 
     </span>
     <span class='ocr_line' id='line_1_16' title="bbox 199 1020 1194 1073; baseline 0 -13"><span class='ocrx_word' id='word_1_97' title='bbox 199 1021 376 1066; x_wconf 87' lang='lat' dir='ltr'>Quantae</span> <span class='ocrx_word' id='word_1_98' title='bbox 409 1021 569 1060; x_wconf 89' lang='lat' dir='ltr'>diducto</span> <span class='ocrx_word' id='word_1_99' title='bbox 603 1020 814 1060; x_wconf 89' lang='lat' dir='ltr'>subsidunt</span> <span class='ocrx_word' id='word_1_100' title='bbox 846 1033 1017 1073; x_wconf 87' lang='lat' dir='ltr'>aequore</span> <span class='ocrx_word' id='word_1_101' title='bbox 1049 1020 1194 1061; x_wconf 84' lang='lat' dir='ltr'>valles!</span> 
     </span>
     <span class='ocr_line' id='line_1_17' title="bbox 200 1079 1105 1132; baseline 0.001 -13"><span class='ocrx_word' id='word_1_102' title='bbox 200 1080 281 1119; x_wconf 88' lang='lat' dir='ltr'>Iam</span> <span class='ocrx_word' id='word_1_103' title='bbox 313 1082 390 1119; x_wconf 90' lang='lat' dir='ltr'>iam</span> <span class='ocrx_word' id='word_1_104' title='bbox 422 1085 595 1120; x_wconf 88' lang='lat' dir='ltr'>tacturas</span> <span class='ocrx_word' id='word_1_105' title='bbox 629 1079 791 1119; x_wconf 87' lang='lat' dir='ltr'>Tartara</span> <span class='ocrx_word' id='word_1_106' title='bbox 823 1082 935 1132; x_wconf 86' lang='lat' dir='ltr'>nigra</span> <span class='ocrx_word' id='word_1_107' title='bbox 967 1086 1105 1132; x_wconf 79' lang='lat' dir='ltr'>putes,</span> 
     </span>
     <span class='ocr_line' id='line_1_18' title="bbox 198 1139 1369 1192; baseline 0 -14"><span class='ocrx_word' id='word_1_108' title='bbox 198 1139 456 1190; x_wconf 89' lang='lat' dir='ltr'>Quocumque</span> <span class='ocrx_word' id='word_1_109' title='bbox 488 1141 634 1191; x_wconf 91' lang='lat' dir='ltr'>aspicio</span> <span class='ocrx_word' id='word_1_110' title='bbox 653 1170 664 1191; x_wconf 83' lang='lat'>‚</span> <span class='ocrx_word' id='word_1_111' title='bbox 696 1139 794 1178; x_wconf 91' lang='lat' dir='ltr'>nihil</span> <span class='ocrx_word' id='word_1_112' title='bbox 826 1145 886 1178; x_wconf 88' lang='lat' dir='ltr'>est</span> <span class='ocrx_word' id='word_1_113' title='bbox 918 1141 995 1178; x_wconf 88' lang='lat' dir='ltr'>nisi</span> <span class='ocrx_word' id='word_1_114' title='bbox 1026 1145 1172 1191; x_wconf 90' lang='lat' dir='ltr'>pontus</span> <span class='ocrx_word' id='word_1_115' title='bbox 1205 1145 1244 1178; x_wconf 93' lang='lat' dir='ltr'>et</span> <span class='ocrx_word' id='word_1_116' title='bbox 1276 1142 1369 1192; x_wconf 74' lang='lat' dir='ltr'>aer⁷</span> 
     </span>
     <span class='ocr_line' id='line_1_19' title="bbox 198 1197 1223 1250; baseline 0 -13"><span class='ocrx_word' id='word_1_117' title='bbox 198 1197 404 1237; x_wconf 84' lang='lat' dir='ltr'>Fluctibus</span> <span class='ocrx_word' id='word_1_118' title='bbox 435 1198 499 1237; x_wconf 93' lang='lat' dir='ltr'>hic</span> <span class='ocrx_word' id='word_1_119' title='bbox 531 1198 735 1250; x_wconf 86' lang='lat' dir='ltr'>tumidus,</span> <span class='ocrx_word' id='word_1_120' title='bbox 766 1197 940 1237; x_wconf 86' lang='lat' dir='ltr'>nubibus</span> <span class='ocrx_word' id='word_1_121' title='bbox 970 1198 1036 1237; x_wconf 90' lang='lat' dir='ltr'>ille</span> <span class='ocrx_word' id='word_1_122' title='bbox 1068 1199 1223 1238; x_wconf 85' lang='lat' dir='ltr'>minax.</span> 
     </span>
     <span class='ocr_line' id='line_1_20' title="bbox 135 1257 1340 1308; baseline 0 -12"><span class='ocrx_word' id='word_1_123' title='bbox 135 1266 178 1296; x_wconf 76' lang='lat'>25</span> <span class='ocrx_word' id='word_1_124' title='bbox 199 1257 307 1296; x_wconf 86' lang='lat' dir='ltr'>Inter</span> <span class='ocrx_word' id='word_1_125' title='bbox 339 1262 557 1308; x_wconf 87' lang='lat' dir='ltr'>utrumque</span> <span class='ocrx_word' id='word_1_126' title='bbox 590 1258 765 1296; x_wconf 84' lang='lat' dir='ltr'>fremunt</span> <span class='ocrx_word' id='word_1_127' title='bbox 795 1258 944 1296; x_wconf 84' lang='lat' dir='ltr'>inmani</span> <span class='ocrx_word' id='word_1_128' title='bbox 976 1269 1178 1297; x_wconf 88' lang='lat' dir='ltr'>murmure</span> <span class='ocrx_word' id='word_1_129' title='bbox 1211 1259 1340 1296; x_wconf 87' lang='lat' dir='ltr'>venti.</span> 
     </span>
     <span class='ocr_line' id='line_1_21' title="bbox 197 1313 1157 1368; baseline 0 -13"><span class='ocrx_word' id='word_1_130' title='bbox 197 1315 363 1368; x_wconf 86' lang='lat' dir='ltr'>Nescit,</span> <span class='ocrx_word' id='word_1_131' title='bbox 395 1317 460 1355; x_wconf 90' lang='lat' dir='ltr'>cui</span> <span class='ocrx_word' id='word_1_132' title='bbox 492 1316 649 1355; x_wconf 92' lang='lat' dir='ltr'>domino</span> <span class='ocrx_word' id='word_1_133' title='bbox 682 1313 847 1368; x_wconf 75' lang='lat' dir='ltr'>pareat,</span> <span class='ocrx_word' id='word_1_134' title='bbox 878 1316 983 1355; x_wconf 88' lang='lat' dir='ltr'>unda</span> <span class='ocrx_word' id='word_1_135' title='bbox 1015 1318 1157 1356; x_wconf 87' lang='lat' dir='ltr'>maris.</span> 
     </span>
     <span class='ocr_line' id='line_1_22' title="bbox 196 1374 1327 1426; baseline 0 -13"><span class='ocrx_word' id='word_1_136' title='bbox 196 1375 293 1413; x_wconf 91' lang='lat' dir='ltr'>Nam</span> <span class='ocrx_word' id='word_1_137' title='bbox 325 1374 441 1413; x_wconf 91' lang='lat' dir='ltr'>modo</span> <span class='ocrx_word' id='word_1_138' title='bbox 473 1387 677 1426; x_wconf 86' lang='lat' dir='ltr'>purpureo</span> <span class='ocrx_word' id='word_1_139' title='bbox 709 1376 814 1413; x_wconf 90' lang='lat' dir='ltr'>vires</span> <span class='ocrx_word' id='word_1_140' title='bbox 847 1377 951 1426; x_wconf 85' lang='lat' dir='ltr'>capit</span> <span class='ocrx_word' id='word_1_141' title='bbox 983 1387 1104 1414; x_wconf 87' lang='lat' dir='ltr'>eurus</span> <span class='ocrx_word' id='word_1_142' title='bbox 1131 1375 1178 1413; x_wconf 90' lang='lat' dir='ltr'>ab</span> <span class='ocrx_word' id='word_1_143' title='bbox 1212 1380 1327 1426; x_wconf 87' lang='lat' dir='ltr'>ortu,</span> 
     </span>
     <span class='ocr_line' id='line_1_23' title="bbox 197 1433 1204 1485; baseline 0 -13"><span class='ocrx_word' id='word_1_144' title='bbox 197 1433 311 1472; x_wconf 87' lang='lat' dir='ltr'>Nunc</span> <span class='ocrx_word' id='word_1_145' title='bbox 343 1433 538 1484; x_wconf 71' lang='lat' dir='ltr'>zephyrus</span> <span class='ocrx_word' id='word_1_146' title='bbox 572 1445 660 1471; x_wconf 90' lang='lat' dir='ltr'>sero</span> <span class='ocrx_word' id='word_1_147' title='bbox 694 1445 859 1484; x_wconf 89' lang='lat' dir='ltr'>vespere</span> <span class='ocrx_word' id='word_1_148' title='bbox 892 1435 1038 1472; x_wconf 90' lang='lat' dir='ltr'>missus</span> <span class='ocrx_word' id='word_1_149' title='bbox 1071 1434 1204 1485; x_wconf 85' lang='lat' dir='ltr'>adest,</span> 
     </span>
     <span class='ocr_line' id='line_1_24' title="bbox 197 1491 1298 1545; baseline 0.001 -15"><span class='ocrx_word' id='word_1_150' title='bbox 197 1492 311 1531; x_wconf 92' lang='lat' dir='ltr'>Nunc</span> <span class='ocrx_word' id='word_1_151' title='bbox 344 1493 448 1530; x_wconf 86' lang='lat' dir='ltr'>sicca</span> <span class='ocrx_word' id='word_1_152' title='bbox 479 1491 631 1542; x_wconf 89' lang='lat' dir='ltr'>gelidus</span> <span class='ocrx_word' id='word_1_153' title='bbox 663 1491 803 1531; x_wconf 90' lang='lat' dir='ltr'>boreas</span> <span class='ocrx_word' id='word_1_154' title='bbox 836 1491 1050 1531; x_wconf 87' lang='lat' dir='ltr'>bacchatur</span> <span class='ocrx_word' id='word_1_155' title='bbox 1083 1492 1129 1532; x_wconf 92' lang='lat' dir='ltr'>ab</span> <span class='ocrx_word' id='word_1_156' title='bbox 1163 1498 1298 1545; x_wconf 87' lang='lat' dir='ltr'>arcto,</span> 
     </span>
     <span class='ocr_line' id='line_1_25' title="bbox 132 1550 1155 1602; baseline 0 -12"><span class='ocrx_word' id='word_1_157' title='bbox 132 1560 176 1590; x_wconf 65' lang='lat'>31)</span> <span class='ocrx_word' id='word_1_158' title='bbox 196 1550 310 1589; x_wconf 92' lang='lat' dir='ltr'>Nunc</span> <span class='ocrx_word' id='word_1_159' title='bbox 342 1556 460 1589; x_wconf 88' lang='lat' dir='ltr'>notus</span> <span class='ocrx_word' id='word_1_160' title='bbox 492 1550 655 1589; x_wconf 86' lang='lat' dir='ltr'>adversa</span> <span class='ocrx_word' id='word_1_161' title='bbox 686 1550 836 1602; x_wconf 87' lang='lat' dir='ltr'>proelia</span> <span class='ocrx_word' id='word_1_162' title='bbox 868 1551 998 1590; x_wconf 87' lang='lat' dir='ltr'>fronte</span> <span class='ocrx_word' id='word_1_163' title='bbox 1030 1553 1155 1602; x_wconf 86' lang='lat' dir='ltr'>gerit.</span> 
     </span>
     <span class='ocr_line' id='line_1_26' title="bbox 197 1609 1344 1661; baseline 0.001 -13"><span class='ocrx_word' id='word_1_164' title='bbox 197 1609 342 1648; x_wconf 87' lang='lat' dir='ltr'>Rector</span> <span class='ocrx_word' id='word_1_165' title='bbox 374 1610 414 1647; x_wconf 93' lang='lat' dir='ltr'>in</span> <span class='ocrx_word' id='word_1_166' title='bbox 446 1611 599 1648; x_wconf 90' lang='lat' dir='ltr'>incerto</span> <span class='ocrx_word' id='word_1_167' title='bbox 633 1615 721 1661; x_wconf 82' lang='lat' dir='ltr'>est,</span> <span class='ocrx_word' id='word_1_168' title='bbox 753 1621 826 1648; x_wconf 94' lang='lat' dir='ltr'>nec</span> <span class='ocrx_word' id='word_1_169' title='bbox 860 1610 955 1661; x_wconf 91' lang='lat' dir='ltr'>quid</span> <span class='ocrx_word' id='word_1_170' title='bbox 987 1610 1158 1660; x_wconf 84' lang='lat' dir='ltr'>fugiatve</span> <span class='ocrx_word' id='word_1_171' title='bbox 1190 1615 1344 1661; x_wconf 86' lang='lat' dir='ltr'>petatve</span> 
     </span>
     <span class='ocr_line' id='line_1_27' title="bbox 196 1667 1150 1720; baseline 0.002 -14"><span class='ocrx_word' id='word_1_172' title='bbox 196 1667 379 1707; x_wconf 87' lang='lat' dir='ltr'>Invenit:</span> <span class='ocrx_word' id='word_1_173' title='bbox 413 1667 605 1718; x_wconf 86' lang='lat' dir='ltr'>ambiguis</span> <span class='ocrx_word' id='word_1_174' title='bbox 638 1679 701 1707; x_wconf 89' lang='lat' dir='ltr'>ars</span> <span class='ocrx_word' id='word_1_175' title='bbox 735 1673 868 1720; x_wconf 88' lang='lat' dir='ltr'>stupet</span> <span class='ocrx_word' id='word_1_176' title='bbox 899 1670 983 1720; x_wconf 91' lang='lat' dir='ltr'>ipsa</span> <span class='ocrx_word' id='word_1_177' title='bbox 1016 1668 1150 1708; x_wconf 88' lang='lat' dir='ltr'>malis.</span> 
     </span>
     <span class='ocr_line' id='line_1_28' title="bbox 197 1726 1273 1781; baseline 0.001 -15"><span class='ocrx_word' id='word_1_178' title='bbox 197 1726 357 1766; x_wconf 85' lang='lat' dir='ltr'>Scilicet</span> <span class='ocrx_word' id='word_1_179' title='bbox 389 1726 606 1765; x_wconf 90' lang='lat' dir='ltr'>occidimus</span> <span class='ocrx_word' id='word_1_180' title='bbox 625 1757 636 1779; x_wconf 86' lang='lat'>,</span> <span class='ocrx_word' id='word_1_181' title='bbox 673 1738 747 1766; x_wconf 89' lang='lat' dir='ltr'>nec</span> <span class='ocrx_word' id='word_1_182' title='bbox 780 1739 871 1778; x_wconf 89' lang='lat' dir='ltr'>spes</span> <span class='ocrx_word' id='word_1_183' title='bbox 904 1734 964 1766; x_wconf 90' lang='lat' dir='ltr'>est</span> <span class='ocrx_word' id='word_1_184' title='bbox 996 1727 1073 1766; x_wconf 90' lang='lat' dir='ltr'>ulla</span> <span class='ocrx_word' id='word_1_185' title='bbox 1106 1727 1243 1768; x_wconf 88' lang='lat' dir='ltr'>salutis</span> <span class='ocrx_word' id='word_1_186' title='bbox 1262 1760 1273 1781; x_wconf 86' lang='lat'>‚</span> 
     </span>
     <span class='ocr_line' id='line_1_29' title="bbox 196 1785 1214 1837; baseline 0 -12"><span class='ocrx_word' id='word_1_187' title='bbox 196 1785 376 1837; x_wconf 88' lang='lat' dir='ltr'>Dumque</span> <span class='ocrx_word' id='word_1_188' title='bbox 408 1785 549 1837; x_wconf 91' lang='lat' dir='ltr'>loquor</span> <span class='ocrx_word' id='word_1_189' title='bbox 570 1817 580 1837; x_wconf 90' lang='lat'>‚</span> <span class='ocrx_word' id='word_1_190' title='bbox 612 1785 743 1825; x_wconf 89' lang='lat' dir='ltr'>vultus</span> <span class='ocrx_word' id='word_1_191' title='bbox 776 1786 910 1826; x_wconf 89' lang='lat' dir='ltr'>obruit</span> <span class='ocrx_word' id='word_1_192' title='bbox 945 1786 1049 1825; x_wconf 87' lang='lat' dir='ltr'>unda</span> <span class='ocrx_word' id='word_1_193' title='bbox 1082 1798 1214 1826; x_wconf 88' lang='lat' dir='ltr'>meos.</span> 
     </span>
     <span class='ocr_line' id='line_1_30' title="bbox 129 1844 1427 1898; baseline 0.002 -15"><span class='ocrx_word' id='word_1_194' title='bbox 129 1853 173 1884; x_wconf 85' lang='lat'>35</span> <span class='ocrx_word' id='word_1_195' title='bbox 195 1844 403 1897; x_wconf 88' lang='lat' dir='ltr'>Opprimet</span> <span class='ocrx_word' id='word_1_196' title='bbox 433 1844 534 1884; x_wconf 87' lang='lat' dir='ltr'>hanc</span> <span class='ocrx_word' id='word_1_197' title='bbox 572 1845 741 1884; x_wconf 89' lang='lat' dir='ltr'>animam</span> <span class='ocrx_word' id='word_1_198' title='bbox 779 1845 924 1885; x_wconf 89' lang='lat' dir='ltr'>fluctus</span> <span class='ocrx_word' id='word_1_199' title='bbox 945 1878 956 1898; x_wconf 90' lang='lat'><em>‚</em></span> <span class='ocrx_word' id='word_1_200' title='bbox 989 1846 1216 1897; x_wconf 88' lang='lat' dir='ltr'>frustraque</span> <span class='ocrx_word' id='word_1_201' title='bbox 1248 1848 1427 1898; x_wconf 87' lang='lat' dir='ltr'>precanti</span> 
     </span>
     <span class='ocr_line' id='line_1_31' title="bbox 195 1904 968 1956; baseline 0.001 -14"><span class='ocrx_word' id='word_1_202' title='bbox 195 1904 273 1943; x_wconf 90' lang='lat' dir='ltr'>Ore</span> <span class='ocrx_word' id='word_1_203' title='bbox 305 1909 515 1943; x_wconf 87' lang='lat' dir='ltr'>necaturas</span> <span class='ocrx_word' id='word_1_204' title='bbox 548 1905 786 1955; x_wconf 89' lang='lat' dir='ltr'>accipiemus</span> <span class='ocrx_word' id='word_1_205' title='bbox 819 1917 939 1956; x_wconf 89' lang='lat' dir='ltr'>aquas</span> <span class='ocrx_word' id='word_1_206' title='bbox 960 1936 968 1944; x_wconf 94' lang='lat'>.</span> 
     </span>
     <span class='ocr_line' id='line_1_32' title="bbox 193 1962 1315 2015; baseline 0.003 -14"><span class='ocrx_word' id='word_1_207' title='bbox 193 1963 244 2002; x_wconf 86' lang='lat' dir='ltr'>At</span> <span class='ocrx_word' id='word_1_208' title='bbox 274 1964 337 2015; x_wconf 91' lang='lat' dir='ltr'>pia</span> <span class='ocrx_word' id='word_1_209' title='bbox 368 1962 425 2001; x_wconf 91' lang='lat' dir='ltr'>nil</span> <span class='ocrx_word' id='word_1_210' title='bbox 456 1962 560 2001; x_wconf 90' lang='lat' dir='ltr'>aliud</span> <span class='ocrx_word' id='word_1_211' title='bbox 593 1975 710 2014; x_wconf 91' lang='lat' dir='ltr'>quam</span> <span class='ocrx_word' id='word_1_212' title='bbox 742 1975 805 2002; x_wconf 92' lang='lat' dir='ltr'>me</span> <span class='ocrx_word' id='word_1_213' title='bbox 837 1963 943 2003; x_wconf 89' lang='lat' dir='ltr'>dolet</span> <span class='ocrx_word' id='word_1_214' title='bbox 974 1963 1088 2002; x_wconf 86' lang='lat' dir='ltr'>exule</span> <span class='ocrx_word' id='word_1_215' title='bbox 1122 1965 1315 2004; x_wconf 86' lang='lat' dir='ltr'>coniunx:</span> 
     </span>
     <span class='ocr_line' id='line_1_33' title="bbox 193 2021 1157 2074; baseline 0.002 -14"><span class='ocrx_word' id='word_1_216' title='bbox 193 2021 277 2061; x_wconf 93' lang='lat' dir='ltr'>Hoc</span> <span class='ocrx_word' id='word_1_217' title='bbox 311 2034 433 2061; x_wconf 91' lang='lat' dir='ltr'>unum</span> <span class='ocrx_word' id='word_1_218' title='bbox 466 2023 593 2061; x_wconf 90' lang='lat' dir='ltr'>nostri</span> <span class='ocrx_word' id='word_1_219' title='bbox 625 2023 778 2074; x_wconf 89' lang='lat' dir='ltr'>scitque</span> <span class='ocrx_word' id='word_1_220' title='bbox 812 2024 1010 2074; x_wconf 85' lang='lat' dir='ltr'>gemitque</span> <span class='ocrx_word' id='word_1_221' title='bbox 1045 2022 1157 2062; x_wconf 87' lang='lat' dir='ltr'>mali.</span> 
     </span>
     <span class='ocr_line' id='line_1_34' title="bbox 192 2081 1158 2134; baseline 0 -14"><span class='ocrx_word' id='word_1_222' title='bbox 192 2081 328 2120; x_wconf 87' lang='lat' dir='ltr'>Nescit</span> <span class='ocrx_word' id='word_1_223' title='bbox 358 2082 399 2119; x_wconf 90' lang='lat' dir='ltr'>in</span> <span class='ocrx_word' id='word_1_224' title='bbox 431 2082 610 2120; x_wconf 78' lang='lat' dir='ltr'>inmenso</span> <span class='ocrx_word' id='word_1_225' title='bbox 642 2083 780 2120; x_wconf 88' lang='lat' dir='ltr'>iactari</span> <span class='ocrx_word' id='word_1_226' title='bbox 812 2093 979 2132; x_wconf 89' lang='lat' dir='ltr'>corpora</span> <span class='ocrx_word' id='word_1_227' title='bbox 1011 2087 1158 2134; x_wconf 87' lang='lat' dir='ltr'>ponto,</span> 
     </span>
     <span class='ocr_line' id='line_1_35' title="bbox 128 2140 1132 2192; baseline 0.001 -13"><span class='ocrx_word' id='word_1_228' title='bbox 128 2148 172 2180; x_wconf 86' lang='lat'>40</span> <span class='ocrx_word' id='word_1_229' title='bbox 192 2140 328 2180; x_wconf 89' lang='lat' dir='ltr'>Nescit</span> <span class='ocrx_word' id='word_1_230' title='bbox 359 2141 422 2191; x_wconf 85' lang='lat' dir='ltr'>agi</span> <span class='ocrx_word' id='word_1_231' title='bbox 453 2141 580 2179; x_wconf 90' lang='lat' dir='ltr'>ventis</span> <span class='ocrx_word' id='word_1_232' title='bbox 599 2172 611 2192; x_wconf 95' lang='lat'>‚</span> <span class='ocrx_word' id='word_1_233' title='bbox 642 2142 771 2179; x_wconf 89' lang='lat' dir='ltr'>nescit</span> <span class='ocrx_word' id='word_1_234' title='bbox 802 2140 939 2179; x_wconf 86' lang='lat' dir='ltr'>adesse</span> <span class='ocrx_word' id='word_1_235' title='bbox 972 2152 1132 2180; x_wconf 90' lang='lat' dir='ltr'>necem.</span> 
     </span>
     <span class='ocr_line' id='line_1_36' title="bbox 193 2199 1424 2254; baseline 0.001 -16"><span class='ocrx_word' id='word_1_236' title='bbox 193 2199 224 2238; x_wconf 92' lang='grc' dir='ltr'><strong>Ο</strong></span> <span class='ocrx_word' id='word_1_237' title='bbox 256 2199 356 2238; x_wconf 90' lang='lat' dir='ltr'>bene</span> <span class='ocrx_word' id='word_1_238' title='bbox 376 2230 388 2251; x_wconf 86' lang='lat'><em>,</em></span> <span class='ocrx_word' id='word_1_239' title='bbox 421 2199 526 2250; x_wconf 90' lang='lat' dir='ltr'>quod</span> <span class='ocrx_word' id='word_1_240' title='bbox 551 2211 630 2238; x_wconf 91' lang='lat' dir='ltr'>non</span> <span class='ocrx_word' id='word_1_241' title='bbox 663 2211 751 2238; x_wconf 89' lang='lat' dir='ltr'>sum</span> <span class='ocrx_word' id='word_1_242' title='bbox 778 2211 934 2238; x_wconf 91' lang='lat' dir='ltr'>mecum</span> <span class='ocrx_word' id='word_1_243' title='bbox 960 2199 1228 2239; x_wconf 87' lang='lat' dir='ltr'>conscendere</span> <span class='ocrx_word' id='word_1_244' title='bbox 1259 2212 1424 2254; x_wconf 80' lang='lat' dir='ltr'>passus,</span> 
     </span>
     <span class='ocr_line' id='line_1_37' title="bbox 192 2257 1159 2309; baseline 0.001 -12"><span class='ocrx_word' id='word_1_245' title='bbox 192 2258 250 2297; x_wconf 92' lang='lat' dir='ltr'>Ne</span> <span class='ocrx_word' id='word_1_246' title='bbox 282 2257 379 2297; x_wconf 90' lang='lat' dir='ltr'>mihi</span> <span class='ocrx_word' id='word_1_247' title='bbox 409 2270 517 2297; x_wconf 87' lang='lat' dir='ltr'>mors</span> <span class='ocrx_word' id='word_1_248' title='bbox 549 2259 694 2297; x_wconf 89' lang='lat' dir='ltr'>misero</span> <span class='ocrx_word' id='word_1_249' title='bbox 726 2258 788 2296; x_wconf 89' lang='lat' dir='ltr'>bis</span> <span class='ocrx_word' id='word_1_250' title='bbox 820 2258 1003 2309; x_wconf 87' lang='lat' dir='ltr'>patienda</span> <span class='ocrx_word' id='word_1_251' title='bbox 1034 2257 1159 2298; x_wconf 82' lang='lat' dir='ltr'>soret!</span> 
     </span>
     <span class='ocr_line' id='line_1_38' title="bbox 192 2317 1362 2371; baseline 0.002 -16"><span class='ocrx_word' id='word_1_252' title='bbox 192 2318 241 2356; x_wconf 93' lang='lat' dir='ltr'>At</span> <span class='ocrx_word' id='word_1_253' title='bbox 273 2329 378 2356; x_wconf 85' lang='lat' dir='ltr'>nunc</span> <span class='ocrx_word' id='word_1_254' title='bbox 396 2348 408 2370; x_wconf 90' lang='lat'><em>‚</em></span> <span class='ocrx_word' id='word_1_255' title='bbox 441 2322 485 2357; x_wconf 89' lang='lat' dir='ltr'>ut</span> <span class='ocrx_word' id='word_1_256' title='bbox 515 2329 676 2369; x_wconf 88' lang='lat' dir='ltr'>peream</span> <span class='ocrx_word' id='word_1_257' title='bbox 695 2347 706 2369; x_wconf 82' lang='lat'><em>,</em></span> <span class='ocrx_word' id='word_1_258' title='bbox 739 2318 924 2368; x_wconf 81' lang='lat' dir='ltr'>quoniam</span> <span class='ocrx_word' id='word_1_259' title='bbox 957 2323 1065 2357; x_wconf 88' lang='lat' dir='ltr'>caret</span> <span class='ocrx_word' id='word_1_260' title='bbox 1095 2317 1159 2357; x_wconf 84' lang='lat' dir='ltr'>illa</span> <span class='ocrx_word' id='word_1_261' title='bbox 1190 2318 1362 2371; x_wconf 86' lang='lat' dir='ltr'>periclo,</span> 
     </span>
    </p>
   </div>
  </div>
 </body>
</html>
