1570 2527
116 113 268 148 XXVIII

117 224 249 261 dextra
286 226 338 260 est
376 224 440 260 via
469 223 653 270 prox-ima
689 223 778 259 iano
809 220 950 259 codicis
981 220 1194 269 Ursiniani,
1238 220 1446 259 Petaviani

117 294 140 319 a
170 293 245 318 ma.
284 293 373 329 see,
411 280 687 328 plurimorum,
726 292 824 329 quae
864 279 1045 318 convenit
1080 291 1168 317 eum
1198 279 1316 317 Festo
1347 278 1445 316 XIII

119 341 186 388 21,
219 340 241 377 5
274 339 466 387 Reliyioni
502 341 555 375 est
590 339 816 385 quibusdam
844 341 962 386 porta
993 337 1227 376 Carmentali
1263 338 1388 385 egredi
1412 339 1447 374 et

119 399 158 435 in
188 399 279 435 aede
303 397 408 439 Iani,
440 408 536 443 quae
567 399 618 434 est
649 399 754 434 extra
785 408 879 440 eam,
910 400 1082 434 senatum
1105 397 1249 445 haberi,
1278 396 1377 442 quod
1401 406 1447 433 ea

118 458 256 503 eyressi
291 467 355 493 sex
393 458 425 492 et
456 456 607 492 trecenti
637 455 754 492 Fabii
791 455 895 502 apud
926 453 1145 492 Cremeram
1175 465 1301 492 omnes
1329 455 1444 492 inter-

117 514 204 561 fecti
234 517 322 552 sunt
353 515 392 550 et
423 512 494 549 XV
530 514 565 560 7,
599 513 622 550 5
656 511 859 560 seele]rata
895 515 1020 549 autem
1051 513 1149 559 quod
1172 523 1246 559 per
1276 523 1416 550 eam..
1436 542 1445 550 .

117 572 234 609 Fabii
253 569 358 619 e]um
376 572 567 608 clientium
589 572 757 608 millibus
777 601 785 609 .
807 600 814 608 .
836 600 844 608 .
865 600 872 607 .
893 570 1078 608 Etruscos
1103 570 1154 607 ael
1180 581 1329 608 amnem
1348 599 1357 607 .
1378 598 1386 606 .
1407 599 1416 607 .
1436 598 1446 607 .

120 628 335 678 inter-hecti.
407 641 482 676 qua
520 640 564 667 ea:
607 626 746 677 eau[sa
783 658 791 666 .
831 657 838 665 .
878 658 887 667 .
926 656 933 664 .
972 626 1137 676 im‘r]are
1174 628 1342 676 egredive
1379 657 1387 666 .
1425 657 1446 676 .,

119 687 220 725 unde
265 688 463 737 glossema
507 687 648 724 codicis
691 687 859 725 recentis
902 684 1009 735 iano]
1060 686 1194 733 templo
1241 687 1334 724 iani.
1407 685 1447 722 id

118 746 240 796 igitur
289 746 477 783 traditum
532 745 713 795 legerunt
762 743 923 782 Ovidius
973 747 1012 781 et
1060 743 1225 781 Verrius
1271 743 1445 781 Flaccus.

61 830 63 833 -
119 805 245 842 altera
281 804 476 852 scriptura
512 805 573 841 est
609 803 785 841 codicum
822 815 1034 851 paucorum
1077 814 1192 850 saepe
1233 802 1445 850 interpola-

118 865 262 909 torum,
293 863 420 900 dextro
445 863 510 899 via
531 864 708 909 proxima
733 864 834 908 iano,
860 873 958 910 quae
984 860 1142 897 Livium
1166 859 1296 897 reddit
1314 860 1353 896 II
1379 861 1446 903 48,

120 922 263 968 infelici
293 922 357 958 via
388 921 517 958 dextro
548 921 637 958 iarzo
661 922 799 966 portae
824 918 1079 957 Carmentalis
1102 919 1277 965 profecti,
1309 918 1379 955 sed
1407 918 1449 955 in

121 991 198 1027 qua
215 981 398 1026 proxima
423 990 579 1015 sensum
603 990 682 1015 non
707 977 838 1025 habet,
870 989 1108 1026 quamquam
1133 976 1247 1014 credo
1273 976 1448 1014 enarrari

121 1033 235 1086 equae
261 1037 450 1085 proxima,
479 1036 559 1074 sive
588 1036 816 1073 brevissima
839 1035 904 1073 via
929 1035 978 1072 ad
1004 1034 1229 1071 Cremeram
1253 1030 1447 1072 ducebat'.

120 1095 227 1132 illius
258 1095 381 1143 igitur
410 1094 628 1131 hexametri
659 1094 785 1131 altera
811 1094 1005 1142 scriptura
1030 1093 1288 1141 supplebatur
1311 1095 1446 1141 penta-

120 1154 247 1190 metro
276 1154 358 1191 204
383 1153 501 1190 Porta
525 1155 636 1190 vacat
660 1153 783 1200 eulpa,
808 1153 873 1190 secl
897 1155 1022 1189 tamen
1047 1162 1153 1188 omen
1176 1151 1296 1194 habet,
1322 1151 1450 1188 altera

121 1212 210 1260 hoo,
250 1212 330 1248 202
371 1211 438 1248 Ire
467 1222 540 1257 per
575 1211 673 1248 hane
707 1211 786 1248 rtoli
821 1210 923 1258 rell,
961 1212 1005 1247 ut
1034 1221 1108 1257 per
1137 1210 1236 1247 Ieario
1272 1210 1313 1246 et
1342 1220 1451 1247 omen

121 1270 229 1307 habet
268 1269 317 1305 ad
353 1271 508 1317 portam
545 1268 785 1311 referantur,
822 1280 921 1316 quae
958 1267 1007 1305 ad
1038 1269 1210 1305 dextram
1238 1268 1342 1305 viam
1371 1279 1451 1304 non

123 1327 327 1376 quadrant.
400 1328 564 1374 uterque
606 1326 640 1363 is
683 1328 929 1374 pentameter
971 1326 1011 1362 in
1055 1325 1228 1362 ordinem
1267 1327 1450 1374 receptus

122 1388 182 1422 est
214 1387 254 1422 et
284 1385 539 1432 interpositus
569 1385 796 1421 hexameter
830 1385 931 1427 203,
962 1384 1003 1421 in
1033 1396 1108 1432 quo
1140 1384 1222 1422 Rla
1252 1385 1370 1422 emisse
1400 1384 1450 1420 ad

121 1445 278 1492 portam
327 1444 489 1491 spectat.
564 1442 674 1490 atqui
718 1442 979 1490 supplendum
1026 1444 1112 1479 erat
1152 1442 1208 1487 id,
1253 1441 1357 1490 quod
1399 1441 1450 1478 ad

122 1501 245 1539 totius
276 1501 351 1538 loci
382 1501 628 1538 intellectum
659 1513 777 1548 quam
807 1500 974 1537 maxime
1007 1499 1132 1546 deest,
1169 1499 1452 1548 profectionem

122 1560 231 1597 illam
256 1559 404 1596 factum
430 1571 514 1596 esse
532 1562 684 1605 postero
704 1560 763 1596 die
782 1560 873 1607 post
890 1560 1071 1595 senatum
1090 1558 1279 1604 habitnm,
1305 1557 1390 1595 Liv.
1409 1557 1451 1594 II

122 1619 195 1665 48,
233 1619 306 1664 49,
345 1617 407 1654 die
444 1617 698 1665 postriduano
737 1619 778 1654 et
814 1619 917 1662 atro,
955 1617 1021 1664 qui
1052 1615 1247 1653 indicatur
1276 1628 1312 1653 v.
1347 1616 1448 1653 197:

121 1677 345 1723 susceperat,
376 1674 399 1712 i.
427 1687 458 1712 e.
491 1670 593 1711 ‘oum
624 1674 748 1722 pridie
782 1669 1042 1721 suscepisset'.
1114 1673 1218 1721 quod
1241 1673 1282 1710 in
1306 1673 1453 1723 pagina

121 1746 208 1772 mea
246 1735 327 1770 241
373 1733 543 1781 positum
585 1735 646 1769 est
685 1733 737 1769 14
775 1732 846 1768 EN
882 1731 1065 1781 coniungi
1103 1731 1239 1768 debuit
1274 1743 1363 1768 cum
1396 1732 1448 1769 13

121 1791 320 1829 DEID-N2
356 1791 510 1839 prioris.
585 1790 712 1839 siquid
755 1790 848 1827 olim
884 1789 997 1827 affuit
1038 1789 1154 1826 huius
1191 1789 1313 1837 modi,
1357 1788 1451 1827 Car-

121 1852 255 1888 mentis
283 1852 422 1897 portae
457 1850 589 1886 dextra
626 1852 677 1886 est
713 1850 776 1886 via
804 1850 987 1895 proxima
1016 1848 1134 1897 Iano,
1173 1847 1278 1895 Quae
1307 1848 1451 1885 Fabios

123 1911 210 1946 atra
239 1909 343 1946 misit
373 1908 423 1945 ad
455 1906 555 1945 Urbe
586 1908 655 1955 die,
686 1906 921 1943 narrationis
954 1906 1070 1943 simul
1099 1905 1226 1952 nexui,
1258 1917 1356 1954 quae
1382 1905 1449 1943 ab·

122 1966 277 2014 ruptior
313 1977 415 2002 nuno
453 1966 530 2013 est,
567 1965 767 2013 provisum
805 1965 890 2003 erit.
962 1964 1202 2001 Niebuhiius
1234 1963 1450 2001 rectissime

123 2020 235 2062 auch
278 2025 344 2062 cler
383 2024 481 2072 Tay,
524 2035 576 2061 an
619 2024 702 2060 elem
743 2024 814 2060 das
849 2022 1198 2069 Heldenyesehlecht
1233 2022 1334 2059 Rom
1368 2033 1450 2059 ver-

123 2084 221 2130 liess,
252 2083 386 2120 kemite
415 2082 518 2119 nieht
546 2093 741 2128 veryesseri
771 2076 877 2129 sein',
909 2080 1022 2117 modo
1054 2093 1102 2117 ne
1133 2079 1226 2116 Idus
1257 2069 1450 2116 infaustas

123 2142 312 2188 putasset

239 2198 430 2247 Paginam
462 2199 564 2235 arch.
585 2206 650 2235 LII
681 2197 916 2235 claudebant
947 2209 1009 2234 vv.
1035 2196 1076 2233 II
1102 2197 1184 2233 423
1219 2197 1315 2243 424,
1348 2195 1452 2244 quod

125 2253 352 2305 ‘abruptum
389 2251 596 2294 distichon'
634 2256 831 2293 iudicabat
863 2253 1112 2293 Schraderus.
1183 2265 1261 2290 non
1297 2253 1452 2306 videtur

124 2318 257 2352 tamen
288 2314 495 2352 confictum
527 2314 575 2351 ab
607 2314 906 2362 interpolatore,
937 2312 1045 2361 quia,
1078 2312 1111 2349 si
1141 2311 1291 2359 demas,
1322 2311 1453 2348 hiulca
