1570 2527
162 133 246 174 286
701 133 953 165 FASTORUM

338 241 526 292 Stabant,
559 239 758 290 Argolicae
791 240 894 290 quod
925 252 1092 290 posuere
1125 252 1283 280 manuS.

279 299 446 338 Venerat
476 298 632 336 Atridae
664 299 753 336 satis
785 299 950 348 agitatus
982 298 1190 350 Halaesus,

337 360 366 395 A
399 368 474 407 quo
508 368 549 394 se
582 356 723 394 dictam
756 362 861 394 terra
893 356 1040 395 Falisca
1072 362 1204 408 putat.

216 424 258 455 75
279 415 397 453 Adice
430 415 618 453 Troianae
651 426 851 453 suasorem
882 415 1077 453 Antenora
1108 417 1238 467 pacis,

337 473 386 511 Et
417 485 604 523 generum
637 472 811 511 Oeniden
831 503 842 525 ,
873 472 995 523 Apule
1028 472 1160 511 Daune
1180 504 1190 524 ,
1222 478 1355 511 tuum.

280 531 401 570 Serus
433 531 479 569 ab
512 531 636 581 Iliacis
670 537 707 569 et
739 537 826 581 post
857 532 1053 569 Antenora
1084 530 1248 569 [lammis

338 589 475 628 Attulit
506 590 655 627 Aeneas
686 590 727 627 in
759 589 842 627 loca
873 596 1005 627 nostra
1036 588 1151 627 deos.

279 647 403 686 Huius
437 653 520 685 erat
552 647 730 698 Solymus
761 647 927 698 Phrygia
959 659 1089 685 comes
1120 659 1223 686 unus
1255 645 1301 686 ab
1332 645 1420 698 Ida,

215 714 260 745 80
339 706 369 743 A
403 718 479 756 quo
513 705 708 744 Sulmonis
740 707 892 743 moenia
924 717 1063 743 nomen
1095 705 1261 744 hahent:

281 763 477 802 Sulmonis
509 763 653 814 gelidi,
684 765 830 814 patriae
849 794 860 814 ,
892 763 1119 802 Germanice
1138 794 1149 815 ,
1180 770 1357 802 nostrae.

337 822 397 860 Me
429 823 615 860 miserum
635 853 645 873 ,
679 821 858 872 Scythico
886 834 999 872 quam
1032 821 1170 872 procul
1200 821 1263 860 illa
1296 821 1375 860 solo
1408 820 1488 859 est!

279 880 380 930 Ergo
407 892 475 931 age
508 886 584 918 tam
613 880 746 931 longas
779 880 846 918 sed
873 881 1096 931 supprime,
1120 879 1248 931 Musa,
1276 878 1488 930 querellas!

336 938 421 976 Non
454 938 526 977 tibi
558 944 649 977 sunt
680 944 824 976 maesta
857 949 965 976 sacra
998 937 1169 976 canenda
1201 937 1303 988 lyra!

214 1004 256 1035 85
279 995 362 1041 Quo
395 1008 473 1034 non
504 996 602 1034 livor
634 996 713 1034 abit
733 994 753 1035 P
797 1002 888 1035 sunt
920 997 988 1047 qui
1019 995 1089 1034 tibi
1121 998 1265 1034 mensis

1175 1054 1364 1092 honorem
1416 1061 1488 1092 (117)

338 1112 539 1162 Eripuisse
572 1112 691 1151 velint
722 1112 995 1162 invideantque
1014 1143 1024 1162 ‚
1056 1111 1208 1150 Venus.

277 1170 372 1208 Nam
405 1172 494 1221 quia
526 1182 592 1208 ver
625 1171 749 1221 aperit
780 1176 873 1208 tunc
906 1171 1060 1221 omnia,
1094 1170 1290 1221 densaque
1323 1169 1424 1209 cedit

336 1229 508 1278 Frigoris
540 1230 757 1280 asperitas,
790 1228 944 1278 setaque
977 1233 1081 1266 terra
1112 1234 1240 1279 patet,

277 1287 447 1337 Aprilem
480 1292 696 1325 memorant
727 1285 773 1324 ab
806 1292 939 1336 aperto
972 1291 1147 1336 tempore
1179 1286 1349 1325 dictum:

213 1353 255 1383 90
336 1344 458 1390 Quem
492 1344 620 1383 Venus
652 1346 793 1383 iniecta
825 1344 993 1382 vindicat
1025 1344 1120 1382 alma
1152 1356 1292 1383 manu.

276 1402 342 1441 Illa
376 1403 533 1454 quidem
565 1409 689 1442 totum
721 1403 946 1452 dignissima
980 1408 1170 1452 temperat
1200 1402 1358 1454 orhem;

336 1460 402 1499 Illa
435 1467 542 1500 tenet
573 1461 677 1500 nullo
710 1473 828 1511 regna
860 1462 1009 1498 minora
1041 1460 1136 1512 deo,

277 1518 442 1570 luraque
475 1519 540 1558 dat
571 1519 706 1570 caelo,
738 1525 865 1557 terrae
885 1549 896 1570 ,
930 1518 1120 1557 natalibus
1152 1518 1290 1570 undis,

334 1577 488 1628 Perque
521 1590 613 1616 suos
644 1579 765 1616 initus
797 1579 971 1615 continet
1002 1589 1115 1615 omne
1147 1589 1290 1627 genus.

215 1644 257 1674 95
278 1635 344 1673 llla
377 1636 471 1674 deos
503 1648 638 1674 omnes
671 1658 713 1663 —
739 1635 897 1686 longum
928 1640 989 1674 est
1020 1646 1225 1673 numerare
1252 1656 1295 1661 ——
1322 1635 1488 1674 creavit:

334 1693 400 1731 Illa
434 1695 525 1732 satis
558 1706 693 1732 causas
727 1693 1011 1744 arboribusque
1043 1693 1172 1732 dedit:

276 1751 342 1789 Illa
375 1751 492 1789 rudes
525 1753 673 1790 animos
705 1751 905 1790 hominum
938 1753 1131 1789 contraxit
1161 1753 1201 1789 in
1233 1763 1377 1803 unum,

336 1809 384 1847 Et
415 1810 548 1848 docuit
579 1811 687 1859 iungi
720 1821 806 1847 cum
840 1821 931 1859 pare
964 1820 1157 1859 quemque
1190 1821 1283 1847 sua.

278 1867 378 1912 Quid
411 1879 534 1918 genus
566 1879 680 1906 omne
713 1873 818 1905 creat
850 1866 1051 1905 volucrum
1070 1897 1080 1917 ,
1113 1868 1188 1905 nisi
1219 1866 1356 1905 blanda

999 1924 1175 1976 voluptas
1189 1922 1210 1963 ἱ)

192 1991 256 2022 100
336 1983 415 2022 Nec
449 1988 586 2022 coeant
617 1983 786 2034 pecudes
805 2014 816 2032 ,
849 1984 881 2021 si
912 1983 1006 2021 levis
1038 1982 1138 2021 absit
1169 1995 1297 2021 amor.

278 2041 373 2080 Cum
406 2054 512 2080 mare
544 2048 633 2080 trux
667 2043 767 2080 aries
800 2053 922 2079 cornu
955 2041 1157 2092 decertat3
1189 2047 1228 2080 at
1257 2040 1358 2079 idem

337 2099 520 2138 Frontem
553 2099 715 2138 dilectae
747 2099 899 2138 laedere
934 2101 1056 2150 parcit
1087 2100 1191 2137 ovis.

277 2157 458 2208 Deposita
491 2159 669 2208 sequitur
700 2164 835 2196 taurus
868 2157 1018 2196 feritate
1050 2158 1278 2207 iuvencam,

337 2216 459 2261 Quem
493 2218 564 2254 toti
597 2216 745 2267 saltus,
779 2227 893 2266 quem
926 2226 1063 2253 nemus
1096 2226 1207 2253 omne
1242 2215 1392 2252 tremit.

193 2282 256 2312 105
279 2273 342 2312 Vis
375 2274 509 2312 eadem
541 2274 617 2313 lato
650 2274 923 2324 quodcumque
955 2272 1026 2311 suh
1059 2284 1226 2323 aequore
1259 2273 1371 2322 vivit,

338 2331 500 2383 Servat,
534 2339 572 2370 et
602 2333 818 2370 innumeris
850 2330 1022 2382 piscibus
1053 2330 1187 2381 implet
1219 2341 1358 2380 aquas.
