1570 2527
606 115 650 147 11.
679 117 876 148 136-209.
1357 113 1412 154 27

187 221 263 260 Per
295 233 411 272 quem
443 220 543 260 bella
575 223 678 272 geris
698 252 708 272 ,
735 223 848 261 cuius
880 234 985 261 nunc
1017 234 1183 274 corpore
1215 234 1385 274 pugnas,

189 280 418 330 Auspicium
450 281 515 319 cui
546 280 614 319 das
645 280 791 330 grande
825 280 997 331 deosque
1029 287 1142 332 tuos,

103 345 168 377 175
190 337 454 388 [Dimidioque
486 339 545 377 tui
575 350 762 390 praesens
796 344 834 377 et
864 340 1029 390 respicis
1060 338 1223 392 urbem,

188 396 354 435 Dimidio
385 396 523 447 procul
555 409 597 435 es
630 409 820 447 saevaque
853 396 952 435 bella
984 399 1088 448 geris
1100 396 1127 447 :]

188 454 260 493 Hic
292 454 364 493 tibi
396 456 451 493 sic
484 454 620 494 redeat
651 461 835 506 superato
867 457 992 494 victor
1024 455 1071 494 ab
1103 455 1240 507 hoste,

191 513 313 564 Inque
347 515 544 552 coronatis
577 513 723 564 fulgeat
754 513 854 552 altus
888 513 1028 564 equis!
1056 535 1110 541 —-

190 571 336 623 Parce,
366 583 532 623 precor,
559 572 784 622 fulmenque
812 578 947 622 tuum,
980 572 1062 610 fera
1088 572 1185 620 tela,
1222 571 1413 624 reconde,

104 636 170 669 180
189 629 275 668 Heu
306 631 470 668 nimium
503 631 648 668 misero
682 631 835 681 cognita
868 630 943 669 tela
975 630 1093 669 mihi!

189 688 310 726 Parce
329 719 339 739 ,
371 694 483 738 pater
514 690 662 738 patriae
681 719 692 740 ,
725 700 798 727 nec
829 690 998 727 nominis
1029 691 1222 728 inmemor
1253 689 1371 729 huius

189 745 290 784 Olim
322 745 500 796 placandi
532 758 642 797 spem
675 745 769 784 mihi
802 746 892 784 tolle
925 746 1005 785 tui!

188 804 273 842 Non
306 816 476 855 precor,
508 810 553 843 ut
584 804 741 843 redeam
761 835 771 855 ,
806 806 981 855 quamvis
1013 806 1160 844 maiora
1191 807 1326 857 petitis

189 862 382 901 Credibile
416 868 476 901 est
507 874 667 914 magnos
700 874 816 913 saepe
848 862 1003 901 dedisse
1037 863 1156 903 deos:

102 927 167 960 185
189 921 320 960 Mitius
353 921 509 959 exilium
544 923 576 959 si
608 921 676 959 das
707 923 949 972 propiusque
981 923 1158 974 roganti,

188 979 281 1018 Pars
313 981 389 1019 erit
420 991 623 1031 expoena
655 992 792 1031 magna
824 979 947 1018 levata
979 992 1086 1018 mea.

187 1037 327 1077 Ultima
359 1040 560 1089 perpetior
592 1038 742 1077 medios
775 1039 924 1077 eiectus
955 1040 996 1076 in
1028 1038 1186 1090 hostes,

187 1096 268 1135 Nee
302 1098 508 1147 quisquam
541 1099 667 1147 patria
699 1097 852 1148 longius
885 1096 973 1135 exul
1007 1096 1138 1136 abest.

191 1155 305 1194 Solus
338 1155 384 1193 ad
419 1167 601 1206 egressus
634 1157 778 1194 missus
811 1155 1078 1206 septemplicis
1109 1155 1233 1195 Histri

101 1221 167 1253 190
187 1213 416 1252 Parrhasiae
449 1213 576 1264 gelido
609 1215 769 1265 virginis
801 1226 870 1252 axe
902 1226 1085 1265 premor3

190 1268 359 1326 [Iazyges
392 1278 431 1311 et
463 1272 597 1311 Colchi
628 1272 879 1323 Metereaque
911 1272 1026 1311 turba
1059 1272 1258 1323 Getaeque

186 1330 351 1369 Danuvii
383 1330 521 1370 mediis
552 1332 615 1370 vix
647 1331 908 1382 prohibentur
941 1332 1051 1381 aquis
1067 1330 1094 1380 .]

187 1388 364 1440 Cumque
397 1389 460 1428 alii
492 1401 608 1429 causa
640 1389 712 1428 tibi
743 1391 822 1428 sint
853 1390 1031 1440 graviore
1064 1389 1208 1440 fugati,

187 1447 357 1486 Ulterior
389 1447 514 1499 nulli,
547 1459 663 1498 quam
694 1447 819 1498 mihi,
851 1454 957 1486 terra
989 1447 1077 1485 data
1109 1453 1190 1486 est.

102 1513 166 1545 195
189 1505 360 1556 Longius
392 1506 465 1544 hac
492 1506 587 1544 nihil
619 1511 707 1558 est,
739 1507 814 1544 nisi
846 1511 998 1544 tantum
1025 1506 1150 1556 frigus
1183 1510 1222 1544 et
1252 1505 1411 1558 hostes,

188 1563 238 1602 Et
269 1566 388 1603 maris
420 1564 610 1603 adstricto
644 1576 742 1615 quae
775 1566 854 1603 coit
884 1564 987 1602 unda
1020 1564 1133 1615 gelu.

187 1622 384 1661 Hactenus
416 1622 559 1661 Euxini
591 1634 681 1674 pars
714 1628 775 1661 est
805 1622 979 1660 Romana
1011 1623 1185 1660 sinistri:

188 1680 369 1717 Proxima
401 1680 613 1717 Basternae
647 1680 978 1730 Sauromataeque
1011 1686 1172 1718 tenent.

187 1737 292 1776 Haec
326 1743 386 1775 est
415 1738 588 1775 Ausonio
621 1737 694 1776 sub
727 1739 813 1775 iure
846 1739 1057 1775 novissima
1090 1739 1230 1788 vixque

99 1804 166 1835 200
187 1795 332 1834 Haeret
362 1797 402 1833 in
434 1796 592 1846 imperii
622 1796 797 1845 margine
830 1800 937 1833 terra
969 1796 1050 1833 tui.

189 1853 296 1892 Unde
329 1865 470 1904 precor
502 1852 666 1904 supplex
698 1859 742 1891 ut
773 1864 844 1891 nos
875 1854 916 1891 in
948 1858 1032 1891 tuta
1064 1852 1240 1905 releges,

185 1912 241 1951 Ne
274 1913 324 1950 sit
355 1923 444 1950 cum
475 1913 600 1962 patria
631 1923 704 1962 pax
737 1923 893 1962 quoque
933 1911 1112 1962 adempta
1144 1911 1263 1963 mihi,

185 1970 241 2008 Ne
274 1972 430 2009 timeam
457 1976 593 2020 gentes
611 2000 622 2021 ,
656 1967 751 2020 qu'as
778 1981 856 2008 non
883 1969 982 2008 bene
1010 1975 1230 2009 summovet
1254 1969 1409 2023 Hister,

185 2028 288 2067 Neve
321 2034 412 2067 tuus
444 2029 591 2079 possim
623 2029 717 2066 civis
749 2027 796 2066 ab
829 2028 940 2066 hoste
973 2029 1081 2078 capi.

99 2095 164 2126 205
185 2087 259 2126 Fas
291 2086 475 2138 prohibet
506 2085 614 2125 Latio
648 2098 884 2137 quemquam
917 2086 964 2124 de
997 2088 1186 2137 sanguine
1218 2092 1352 2126 natum

186 2145 417 2185 Caesaribus
450 2144 564 2184 salvis
597 2144 761 2183 barbara
793 2144 917 2183 vincla
950 2146 1053 2195 pati.

185 2203 434 2242 Perdiderint
466 2215 555 2242 cum
587 2215 649 2242 me
675 2203 753 2242 duo
786 2204 978 2254 crimina,
1011 2215 1169 2242 carmen
1201 2209 1241 2243 et
1273 2216 1408 2256 error,

187 2262 359 2301 Alterius
391 2263 483 2301 facti
515 2261 629 2313 culpa
662 2261 810 2300 silenda
842 2261 959 2300 mihi:

185 2319 281 2360 Nam
307 2333 385 2360 non
411 2333 497 2360 sum
523 2322 644 2371 tanti,
671 2331 856 2359 renovem
876 2326 919 2359 ut
945 2325 1011 2359 tua
1038 2319 1221 2373 vulnera,
1243 2321 1396 2373 Caesar,
