<?xml version="1.0" encoding="UTF-8"?>
<!DOCTYPE html PUBLIC "-//W3C//DTD XHTML 1.0 Transitional//EN"
    "http://www.w3.org/TR/xhtml1/DTD/xhtml1-transitional.dtd">
<html xmlns="http://www.w3.org/1999/xhtml" xml:lang="en" lang="en">
 <head>
  <title>
</title>
<meta http-equiv="Content-Type" content="text/html;charset=utf-8" />
  <meta name='ocr-system' content='tesseract 3.04.00' />
  <meta name='ocr-capabilities' content='ocr_page ocr_carea ocr_par ocr_line ocrx_word'/>
</head>
<body>
  <div class='ocr_page' id='page_1' title='image "./ovidopera03oviduoft_0305.png"; bbox 0 0 1570 2527; ppageno 0'>
   <div class='ocr_carea' id='block_1_1' title="bbox 605 96 1418 136">
    <p class='ocr_par' dir='ltr' id='par_1_1' title="bbox 605 96 1418 136">
     <span class='ocr_line' id='line_1_1' title="bbox 605 96 1418 136; baseline 0.007 -6"><span class='ocrx_word' id='word_1_1' title='bbox 605 99 651 131; x_wconf 93' lang='lat'>11.</span> <span class='ocrx_word' id='word_1_2' title='bbox 679 99 793 131; x_wconf 79' lang='lat'>422—</span> <span class='ocrx_word' id='word_1_3' title='bbox 814 100 893 131; x_wconf 85' lang='lat'>493.</span> <span class='ocrx_word' id='word_1_4' title='bbox 1334 96 1418 136; x_wconf 75' lang='lat'>247</span> 
     </span>
    </p>
   </div>
   <div class='ocr_carea' id='block_1_2' title="bbox 109 207 1420 1139">
    <p class='ocr_par' dir='ltr' id='par_1_2' title="bbox 109 207 1420 1139">
     <span class='ocr_line' id='line_1_2' title="bbox 197 207 1420 257; baseline -0.001 -11"><span class='ocrx_word' id='word_1_5' title='bbox 197 207 251 246; x_wconf 90' lang='lat' dir='ltr'>Te</span> <span class='ocrx_word' id='word_1_6' title='bbox 280 212 499 246; x_wconf 86' lang='lat' dir='ltr'>memorant</span> <span class='ocrx_word' id='word_1_7' title='bbox 525 207 765 257; x_wconf 81' lang='lat' dir='ltr'><strong>fratremque</strong></span> <span class='ocrx_word' id='word_1_8' title='bbox 792 213 904 245; x_wconf 85' lang='lat' dir='ltr'>tuum</span> <span class='ocrx_word' id='word_1_9' title='bbox 932 229 973 233; x_wconf 89' lang='lat'>—</span> <span class='ocrx_word' id='word_1_10' title='bbox 996 218 1085 246; x_wconf 85' lang='lat' dir='ltr'>nam</span> <span class='ocrx_word' id='word_1_11' title='bbox 1111 208 1243 246; x_wconf 86' lang='lat' dir='ltr'>iuncta</span> <span class='ocrx_word' id='word_1_12' title='bbox 1271 208 1420 245; x_wconf 90' lang='lat' dir='ltr'>micatis</span> 
     </span>
     <span class='ocr_line' id='line_1_3' title="bbox 109 265 1146 316; baseline -0.002 -10"><span class='ocrx_word' id='word_1_13' title='bbox 109 275 177 306; x_wconf 86' lang='grc'>460</span> <span class='ocrx_word' id='word_1_14' title='bbox 259 266 377 316; x_wconf 83' lang='lat' dir='ltr'>Signa</span> <span class='ocrx_word' id='word_1_15' title='bbox 408 288 454 293; x_wconf 84' lang='lat'>—</span> <span class='ocrx_word' id='word_1_16' title='bbox 486 265 584 304; x_wconf 88' lang='lat' dir='ltr'>duos</span> <span class='ocrx_word' id='word_1_17' title='bbox 618 272 727 315; x_wconf 89' lang='lat' dir='ltr'>tergo</span> <span class='ocrx_word' id='word_1_18' title='bbox 761 267 997 304; x_wconf 74' lang='lat' dir='ltr'>sustinuisse</span> <span class='ocrx_word' id='word_1_19' title='bbox 1030 266 1146 304; x_wconf 89' lang='lat' dir='ltr'>deos.</span> 
     </span>
     <span class='ocr_line' id='line_1_4' title="bbox 197 323 1243 375; baseline -0.001 -12"><span class='ocrx_word' id='word_1_20' title='bbox 197 324 430 363; x_wconf 84' lang='lat' dir='ltr'>Terribilem</span> <span class='ocrx_word' id='word_1_21' title='bbox 464 323 658 375; x_wconf 88' lang='lat' dir='ltr'>quondam</span> <span class='ocrx_word' id='word_1_22' title='bbox 693 325 846 374; x_wconf 82' lang='lat' dir='ltr'>fugiens</span> <span class='ocrx_word' id='word_1_23' title='bbox 879 324 1066 375; x_wconf 73' lang='lat' dir='ltr'>Typhona</span> <span class='ocrx_word' id='word_1_24' title='bbox 1099 324 1243 375; x_wconf 83' lang='lat' dir='ltr'>Dione,</span> 
     </span>
     <span class='ocr_line' id='line_1_5' title="bbox 255 382 1224 434; baseline -0.001 -12"><span class='ocrx_word' id='word_1_25' title='bbox 255 383 367 422; x_wconf 88' lang='lat' dir='ltr'>Tunc</span> <span class='ocrx_word' id='word_1_26' title='bbox 400 396 490 422; x_wconf 90' lang='lat' dir='ltr'>cum</span> <span class='ocrx_word' id='word_1_27' title='bbox 524 395 593 434; x_wconf 89' lang='lat' dir='ltr'>pro</span> <span class='ocrx_word' id='word_1_28' title='bbox 627 383 733 421; x_wconf 88' lang='lat' dir='ltr'>caelo</span> <span class='ocrx_word' id='word_1_29' title='bbox 768 382 943 433; x_wconf 85' lang='lat' dir='ltr'>luppiter</span> <span class='ocrx_word' id='word_1_30' title='bbox 976 395 1082 421; x_wconf 87' lang='lat' dir='ltr'>arma</span> <span class='ocrx_word' id='word_1_31' title='bbox 1114 383 1224 434; x_wconf 82' lang='lat' dir='ltr'>tulit,</span> 
     </span>
     <span class='ocr_line' id='line_1_6' title="bbox 196 441 1262 493; baseline 0 -14"><span class='ocrx_word' id='word_1_32' title='bbox 196 441 310 481; x_wconf 88' lang='lat' dir='ltr'>Venit</span> <span class='ocrx_word' id='word_1_33' title='bbox 343 442 388 480; x_wconf 91' lang='lat' dir='ltr'>ad</span> <span class='ocrx_word' id='word_1_34' title='bbox 422 441 650 492; x_wconf 80' lang='lat' dir='ltr'>Euphraten</span> <span class='ocrx_word' id='word_1_35' title='bbox 682 443 862 480; x_wconf 84' lang='lat' dir='ltr'>comitata</span> <span class='ocrx_word' id='word_1_36' title='bbox 897 441 1088 492; x_wconf 80' lang='lat' dir='ltr'>Cupidine</span> <span class='ocrx_word' id='word_1_37' title='bbox 1120 454 1262 493; x_wconf 85' lang='lat' dir='ltr'>parvo,</span> 
     </span>
     <span class='ocr_line' id='line_1_7' title="bbox 255 500 1168 551; baseline 0 -12"><span class='ocrx_word' id='word_1_38' title='bbox 255 501 378 551; x_wconf 83' lang='lat' dir='ltr'>Inque</span> <span class='ocrx_word' id='word_1_39' title='bbox 410 500 650 539; x_wconf 80' lang='lat' dir='ltr'>Palaestinae</span> <span class='ocrx_word' id='word_1_40' title='bbox 683 501 857 550; x_wconf 78' lang='lat' dir='ltr'>margine</span> <span class='ocrx_word' id='word_1_41' title='bbox 890 500 992 538; x_wconf 82' lang='lat' dir='ltr'>sedit</span> <span class='ocrx_word' id='word_1_42' title='bbox 1023 513 1168 551; x_wconf 88' lang='lat' dir='ltr'>aquae.</span> 
     </span>
     <span class='ocr_line' id='line_1_8' title="bbox 109 559 1253 610; baseline 0 -13"><span class='ocrx_word' id='word_1_43' title='bbox 109 567 176 599; x_wconf 83' lang='grc'>465</span> <span class='ocrx_word' id='word_1_44' title='bbox 196 559 371 610; x_wconf 91' lang='lat' dir='ltr'>Populus</span> <span class='ocrx_word' id='word_1_45' title='bbox 405 565 443 598; x_wconf 88' lang='lat' dir='ltr'>et</span> <span class='ocrx_word' id='word_1_46' title='bbox 475 571 620 598; x_wconf 89' lang='lat' dir='ltr'>cannae</span> <span class='ocrx_word' id='word_1_47' title='bbox 654 560 827 610; x_wconf 88' lang='lat' dir='ltr'>riparum</span> <span class='ocrx_word' id='word_1_48' title='bbox 861 571 1012 597; x_wconf 87' lang='lat' dir='ltr'>summa</span> <span class='ocrx_word' id='word_1_49' title='bbox 1044 559 1253 610; x_wconf 84' lang='lat' dir='ltr'>tenebant,</span> 
     </span>
     <span class='ocr_line' id='line_1_9' title="bbox 257 618 1401 670; baseline -0.001 -14"><span class='ocrx_word' id='word_1_50' title='bbox 257 618 452 669; x_wconf 86' lang='lat' dir='ltr'>Spemque</span> <span class='ocrx_word' id='word_1_51' title='bbox 486 618 626 656; x_wconf 83' lang='lat' dir='ltr'>dabant</span> <span class='ocrx_word' id='word_1_52' title='bbox 659 618 795 656; x_wconf 86' lang='lat' dir='ltr'>salices</span> <span class='ocrx_word' id='word_1_53' title='bbox 815 650 825 670; x_wconf 87' lang='lat'><em>‚</em></span> <span class='ocrx_word' id='word_1_54' title='bbox 857 618 929 656; x_wconf 92' lang='lat' dir='ltr'>hos</span> <span class='ocrx_word' id='word_1_55' title='bbox 962 630 1120 669; x_wconf 89' lang='lat' dir='ltr'>quoque</span> <span class='ocrx_word' id='word_1_56' title='bbox 1153 630 1267 669; x_wconf 87' lang='lat' dir='ltr'>posse</span> <span class='ocrx_word' id='word_1_57' title='bbox 1301 619 1401 669; x_wconf 86' lang='lat' dir='ltr'>tegi.</span> 
     </span>
     <span class='ocr_line' id='line_1_10' title="bbox 195 677 1293 729; baseline -0.001 -14"><span class='ocrx_word' id='word_1_58' title='bbox 195 677 296 716; x_wconf 89' lang='lat' dir='ltr'>Dum</span> <span class='ocrx_word' id='word_1_59' title='bbox 329 677 451 729; x_wconf 85' lang='lat' dir='ltr'>latet,</span> <span class='ocrx_word' id='word_1_60' title='bbox 483 678 659 715; x_wconf 88' lang='lat' dir='ltr'>insonuit</span> <span class='ocrx_word' id='word_1_61' title='bbox 691 683 805 715; x_wconf 83' lang='lat' dir='ltr'>vento</span> <span class='ocrx_word' id='word_1_62' title='bbox 840 689 1000 715; x_wconf 88' lang='lat' dir='ltr'>nemus.</span> <span class='ocrx_word' id='word_1_63' title='bbox 1058 677 1121 715; x_wconf 91' lang='lat' dir='ltr'>illa</span> <span class='ocrx_word' id='word_1_64' title='bbox 1155 679 1293 715; x_wconf 86' lang='lat' dir='ltr'>timore</span> 
     </span>
     <span class='ocr_line' id='line_1_11' title="bbox 256 735 1192 787; baseline 0.001 -14"><span class='ocrx_word' id='word_1_65' title='bbox 256 735 378 774; x_wconf 87' lang='lat' dir='ltr'>Pallet</span> <span class='ocrx_word' id='word_1_66' title='bbox 397 768 407 787; x_wconf 88' lang='lat'><strong><em>,</em></strong></span> <span class='ocrx_word' id='word_1_67' title='bbox 439 741 479 774; x_wconf 89' lang='lat' dir='ltr'>et</span> <span class='ocrx_word' id='word_1_68' title='bbox 510 735 672 774; x_wconf 76' lang='lat' dir='ltr'>hostiles</span> <span class='ocrx_word' id='word_1_69' title='bbox 706 735 831 774; x_wconf 90' lang='lat' dir='ltr'>credit</span> <span class='ocrx_word' id='word_1_70' title='bbox 862 736 998 774; x_wconf 82' lang='lat' dir='ltr'>adesse</span> <span class='ocrx_word' id='word_1_71' title='bbox 1032 747 1192 774; x_wconf 88' lang='lat' dir='ltr'>manus.</span> 
     </span>
     <span class='ocr_line' id='line_1_12' title="bbox 197 790 1361 846; baseline 0.001 -14"><span class='ocrx_word' id='word_1_72' title='bbox 197 793 325 844; x_wconf 92' lang='lat' dir='ltr'>thue</span> <span class='ocrx_word' id='word_1_73' title='bbox 358 796 445 832; x_wconf 87' lang='lat' dir='ltr'>sinu</span> <span class='ocrx_word' id='word_1_74' title='bbox 479 795 605 832; x_wconf 84' lang='lat' dir='ltr'>tenuit</span> <span class='ocrx_word' id='word_1_75' title='bbox 639 800 800 845; x_wconf 82' lang='lat' dir='ltr'>natum,</span> <span class='ocrx_word' id='word_1_76' title='bbox 835 790 1108 846; x_wconf 69' lang='lat' dir='ltr'>‘succurrite7</span> <span class='ocrx_word' id='word_1_77' title='bbox 1145 794 1361 846; x_wconf 83' lang='lat' dir='ltr'>nymphae,</span> 
     </span>
     <span class='ocr_line' id='line_1_13' title="bbox 110 849 1089 892; baseline 0.001 -2"><span class='ocrx_word' id='word_1_78' title='bbox 110 860 177 892; x_wconf 84' lang='lat'>470</span> <span class='ocrx_word' id='word_1_79' title='bbox 257 852 307 892; x_wconf 92' lang='lat' dir='ltr'>Et</span> <span class='ocrx_word' id='word_1_80' title='bbox 339 852 398 891; x_wconf 86' lang='lat' dir='ltr'>dis</span> <span class='ocrx_word' id='word_1_81' title='bbox 430 852 618 891; x_wconf 79' lang='lat' dir='ltr'>auxilium</span> <span class='ocrx_word' id='word_1_82' title='bbox 651 853 749 891; x_wconf 78' lang='lat' dir='ltr'>ferte</span> <span class='ocrx_word' id='word_1_83' title='bbox 783 849 980 891; x_wconf 80' lang='lat' dir='ltr'>duobusl&#39;</span> <span class='ocrx_word' id='word_1_84' title='bbox 1015 854 1089 891; x_wconf 87' lang='lat' dir='ltr'>ait.</span> 
     </span>
     <span class='ocr_line' id='line_1_14' title="bbox 197 910 1273 962; baseline 0 -12"><span class='ocrx_word' id='word_1_85' title='bbox 197 910 278 950; x_wconf 88' lang='lat' dir='ltr'>Nec</span> <span class='ocrx_word' id='word_1_86' title='bbox 310 923 418 950; x_wconf 87' lang='lat' dir='ltr'>mora</span> <span class='ocrx_word' id='word_1_87' title='bbox 437 942 447 962; x_wconf 83' lang='lat'><em>‚</em></span> <span class='ocrx_word' id='word_1_88' title='bbox 479 911 689 962; x_wconf 89' lang='lat' dir='ltr'>prosiluit.</span> <span class='ocrx_word' id='word_1_89' title='bbox 746 913 875 962; x_wconf 87' lang='lat' dir='ltr'>pisces</span> <span class='ocrx_word' id='word_1_90' title='bbox 907 910 1064 949; x_wconf 86' lang='lat' dir='ltr'>subiere</span> <span class='ocrx_word' id='word_1_91' title='bbox 1097 911 1273 962; x_wconf 84' lang='lat' dir='ltr'>gemelli:</span> 
     </span>
     <span class='ocr_line' id='line_1_15' title="bbox 255 970 1260 1020; baseline 0 -11"><span class='ocrx_word' id='word_1_92' title='bbox 255 970 333 1009; x_wconf 89' lang='lat' dir='ltr'>Pro</span> <span class='ocrx_word' id='word_1_93' title='bbox 367 982 444 1020; x_wconf 89' lang='lat' dir='ltr'>quo</span> <span class='ocrx_word' id='word_1_94' title='bbox 478 982 583 1008; x_wconf 91' lang='lat' dir='ltr'>nunc</span> <span class='ocrx_word' id='word_1_95' title='bbox 616 971 725 1008; x_wconf 91' lang='lat' dir='ltr'>cerni</span> <span class='ocrx_word' id='word_1_96' title='bbox 757 970 886 1008; x_wconf 90' lang='lat' dir='ltr'>sidera</span> <span class='ocrx_word' id='word_1_97' title='bbox 919 982 1062 1009; x_wconf 89' lang='lat' dir='ltr'>munus</span> <span class='ocrx_word' id='word_1_98' title='bbox 1095 970 1260 1010; x_wconf 87' lang='lat' dir='ltr'>habent.</span> 
     </span>
     <span class='ocr_line' id='line_1_16' title="bbox 195 1027 1314 1081; baseline 0.001 -14"><span class='ocrx_word' id='word_1_99' title='bbox 195 1027 290 1067; x_wconf 88' lang='lat' dir='ltr'>Inde</span> <span class='ocrx_word' id='word_1_100' title='bbox 322 1029 432 1067; x_wconf 84' lang='lat' dir='ltr'>nefas</span> <span class='ocrx_word' id='word_1_101' title='bbox 464 1028 614 1067; x_wconf 89' lang='lat' dir='ltr'>ducunt</span> <span class='ocrx_word' id='word_1_102' title='bbox 645 1041 770 1079; x_wconf 85' lang='lat' dir='ltr'>genus</span> <span class='ocrx_word' id='word_1_103' title='bbox 802 1029 876 1067; x_wconf 90' lang='lat' dir='ltr'>hoc</span> <span class='ocrx_word' id='word_1_104' title='bbox 909 1031 1112 1080; x_wconf 89' lang='lat' dir='ltr'>imponere</span> <span class='ocrx_word' id='word_1_105' title='bbox 1145 1030 1314 1081; x_wconf 86' lang='lat' dir='ltr'>mensis,</span> 
     </span>
     <span class='ocr_line' id='line_1_17' title="bbox 254 1086 1121 1139; baseline 0.001 -14"><span class='ocrx_word' id='word_1_106' title='bbox 254 1086 335 1126; x_wconf 90' lang='lat' dir='ltr'>Nec</span> <span class='ocrx_word' id='word_1_107' title='bbox 366 1087 511 1126; x_wconf 85' lang='lat' dir='ltr'>violant</span> <span class='ocrx_word' id='word_1_108' title='bbox 544 1087 670 1126; x_wconf 89' lang='lat' dir='ltr'>timidi</span> <span class='ocrx_word' id='word_1_109' title='bbox 701 1087 877 1139; x_wconf 87' lang='lat' dir='ltr'>piscibus</span> <span class='ocrx_word' id='word_1_110' title='bbox 909 1100 977 1126; x_wconf 88' lang='lat' dir='ltr'>ora</span> <span class='ocrx_word' id='word_1_111' title='bbox 1011 1088 1121 1139; x_wconf 82' lang='lat' dir='ltr'>Syri.</span> 
     </span>
    </p>
   </div>
   <div class='ocr_carea' id='block_1_3' title="bbox 372 1178 1114 1228">
    <p class='ocr_par' dir='ltr' id='par_1_3' title="bbox 372 1178 1114 1228">
     <span class='ocr_line' id='line_1_18' title="bbox 372 1178 1114 1228; baseline -0.001 -8"><span class='ocrx_word' id='word_1_112' title='bbox 372 1179 437 1221; x_wconf 89' lang='lat'>16.</span> <span class='ocrx_word' id='word_1_113' title='bbox 470 1178 507 1220; x_wconf 83' lang='lat' dir='ltr'><strong>G</strong></span> <span class='ocrx_word' id='word_1_114' title='bbox 538 1178 626 1220; x_wconf 88' lang='lat' dir='ltr'>EN</span> <span class='ocrx_word' id='word_1_115' title='bbox 691 1180 756 1220; x_wconf 87' lang='lat'>17.</span> <span class='ocrx_word' id='word_1_116' title='bbox 788 1179 830 1220; x_wconf 90' lang='grc' dir='ltr'><strong><em>Η</em></strong></span> <span class='ocrx_word' id='word_1_117' title='bbox 862 1178 1114 1228; x_wconf 76' lang='lat' dir='ltr'><strong>QVIR-N&gt;</strong></span> 
     </span>
    </p>
   </div>
   <div class='ocr_carea' id='block_1_4' title="bbox 105 1263 1417 2374">
    <p class='ocr_par' dir='ltr' id='par_1_4' title="bbox 105 1263 1417 2374">
     <span class='ocr_line' id='line_1_19' title="bbox 107 1263 1344 1308; baseline -0.001 -6"><span class='ocrx_word' id='word_1_118' title='bbox 107 1271 174 1303; x_wconf 81' lang='lat'>475</span> <span class='ocrx_word' id='word_1_119' title='bbox 194 1263 376 1302; x_wconf 85' lang='lat' dir='ltr'>Proxima</span> <span class='ocrx_word' id='word_1_120' title='bbox 407 1263 473 1302; x_wconf 87' lang='lat' dir='ltr'>lux</span> <span class='ocrx_word' id='word_1_121' title='bbox 505 1276 624 1302; x_wconf 88' lang='lat' dir='ltr'>vacua</span> <span class='ocrx_word' id='word_1_122' title='bbox 658 1270 745 1302; x_wconf 90' lang='lat' dir='ltr'>est.</span> <span class='ocrx_word' id='word_1_123' title='bbox 803 1270 842 1302; x_wconf 91' lang='lat' dir='ltr'>at</span> <span class='ocrx_word' id='word_1_124' title='bbox 874 1266 989 1302; x_wconf 86' lang='lat' dir='ltr'>tertia</span> <span class='ocrx_word' id='word_1_125' title='bbox 1021 1263 1124 1302; x_wconf 87' lang='lat' dir='ltr'>dicta</span> <span class='ocrx_word' id='word_1_126' title='bbox 1157 1263 1344 1308; x_wconf 86' lang='lat' dir='ltr'>Quirino.</span> 
     </span>
     <span class='ocr_line' id='line_1_20' title="bbox 253 1322 1254 1374; baseline 0 -13"><span class='ocrx_word' id='word_1_127' title='bbox 253 1322 329 1368; x_wconf 84' lang='lat' dir='ltr'>Qui</span> <span class='ocrx_word' id='word_1_128' title='bbox 361 1328 469 1361; x_wconf 87' lang='lat' dir='ltr'>tenet</span> <span class='ocrx_word' id='word_1_129' title='bbox 500 1323 574 1369; x_wconf 85' lang='lat' dir='ltr'>hoc</span> <span class='ocrx_word' id='word_1_130' title='bbox 606 1335 780 1374; x_wconf 87' lang='lat' dir='ltr'>nomen,</span> <span class='ocrx_word' id='word_1_131' title='bbox 814 1322 1003 1361; x_wconf 86' lang='lat' dir='ltr'>Romulus</span> <span class='ocrx_word' id='word_1_132' title='bbox 1036 1327 1125 1360; x_wconf 90' lang='lat' dir='ltr'>ante</span> <span class='ocrx_word' id='word_1_133' title='bbox 1159 1322 1254 1361; x_wconf 85' lang='lat' dir='ltr'>suit:</span> 
     </span>
     <span class='ocr_line' id='line_1_21' title="bbox 196 1380 1312 1433; baseline -0.001 -13"><span class='ocrx_word' id='word_1_134' title='bbox 196 1380 284 1420; x_wconf 83' lang='lat' dir='ltr'>Sive</span> <span class='ocrx_word' id='word_1_135' title='bbox 317 1381 420 1432; x_wconf 91' lang='lat' dir='ltr'>quod</span> <span class='ocrx_word' id='word_1_136' title='bbox 453 1381 562 1419; x_wconf 87' lang='lat' dir='ltr'>hasta</span> <span class='ocrx_word' id='word_1_137' title='bbox 596 1383 702 1420; x_wconf 85' lang='lat' dir='ltr'>curis</span> <span class='ocrx_word' id='word_1_138' title='bbox 734 1383 875 1432; x_wconf 80' lang='lat' dir='ltr'>priscis</span> <span class='ocrx_word' id='word_1_139' title='bbox 908 1388 968 1420; x_wconf 91' lang='lat' dir='ltr'>est</span> <span class='ocrx_word' id='word_1_140' title='bbox 999 1381 1101 1419; x_wconf 85' lang='lat' dir='ltr'>dicta</span> <span class='ocrx_word' id='word_1_141' title='bbox 1135 1380 1312 1433; x_wconf 86' lang='lat' dir='ltr'>Sabinis,</span> 
     </span>
     <span class='ocr_line' id='line_1_22' title="bbox 253 1439 1085 1479; baseline 0 -1"><span class='ocrx_word' id='word_1_142' title='bbox 253 1439 423 1478; x_wconf 88' lang='lat' dir='ltr'>Bellicus</span> <span class='ocrx_word' id='word_1_143' title='bbox 455 1452 476 1478; x_wconf 92' lang='lat' dir='ltr'>a</span> <span class='ocrx_word' id='word_1_144' title='bbox 508 1440 585 1479; x_wconf 89' lang='lat' dir='ltr'>telo</span> <span class='ocrx_word' id='word_1_145' title='bbox 619 1442 724 1478; x_wconf 92' lang='lat' dir='ltr'>venit</span> <span class='ocrx_word' id='word_1_146' title='bbox 755 1442 795 1478; x_wconf 90' lang='lat' dir='ltr'>in</span> <span class='ocrx_word' id='word_1_147' title='bbox 829 1447 931 1478; x_wconf 86' lang='lat' dir='ltr'>astra</span> <span class='ocrx_word' id='word_1_148' title='bbox 965 1440 1085 1478; x_wconf 87' lang='lat' dir='ltr'>deus:</span> 
     </span>
     <span class='ocr_line' id='line_1_23' title="bbox 196 1498 1109 1549; baseline -0.001 -12"><span class='ocrx_word' id='word_1_149' title='bbox 196 1498 285 1537; x_wconf 88' lang='lat' dir='ltr'>Sive</span> <span class='ocrx_word' id='word_1_150' title='bbox 317 1511 388 1537; x_wconf 92' lang='lat' dir='ltr'>suo</span> <span class='ocrx_word' id='word_1_151' title='bbox 422 1500 504 1549; x_wconf 85' lang='lat' dir='ltr'>regi</span> <span class='ocrx_word' id='word_1_152' title='bbox 536 1511 678 1537; x_wconf 88' lang='lat' dir='ltr'>nomen</span> <span class='ocrx_word' id='word_1_153' title='bbox 712 1511 879 1549; x_wconf 88' lang='lat' dir='ltr'>posuere</span> <span class='ocrx_word' id='word_1_154' title='bbox 913 1498 1109 1544; x_wconf 73' lang='lat' dir='ltr'>Quirites:</span> 
     </span>
     <span class='ocr_line' id='line_1_24' title="bbox 108 1556 1165 1608; baseline -0.002 -11"><span class='ocrx_word' id='word_1_155' title='bbox 108 1565 177 1597; x_wconf 85' lang='lat'>480</span> <span class='ocrx_word' id='word_1_156' title='bbox 256 1556 335 1596; x_wconf 88' lang='lat' dir='ltr'>Seu</span> <span class='ocrx_word' id='word_1_157' title='bbox 369 1559 458 1608; x_wconf 91' lang='lat' dir='ltr'>quia</span> <span class='ocrx_word' id='word_1_158' title='bbox 491 1557 674 1595; x_wconf 87' lang='lat' dir='ltr'>Romanis</span> <span class='ocrx_word' id='word_1_159' title='bbox 707 1559 889 1596; x_wconf 84' lang='lat' dir='ltr'>iunxerat</span> <span class='ocrx_word' id='word_1_160' title='bbox 920 1557 983 1595; x_wconf 90' lang='lat' dir='ltr'>ille</span> <span class='ocrx_word' id='word_1_161' title='bbox 1018 1557 1165 1596; x_wconf 90' lang='lat' dir='ltr'>Cures.</span> 
     </span>
     <span class='ocr_line' id='line_1_25' title="bbox 195 1615 1417 1668; baseline 0.001 -14"><span class='ocrx_word' id='word_1_162' title='bbox 195 1615 291 1654; x_wconf 86' lang='lat' dir='ltr'>Nam</span> <span class='ocrx_word' id='word_1_163' title='bbox 323 1621 434 1667; x_wconf 87' lang='lat' dir='ltr'>pater</span> <span class='ocrx_word' id='word_1_164' title='bbox 466 1619 705 1667; x_wconf 87' lang='lat' dir='ltr'>armipotens</span> <span class='ocrx_word' id='word_1_165' title='bbox 738 1623 945 1667; x_wconf 79' lang='lat' dir='ltr'>postquam</span> <span class='ocrx_word' id='word_1_166' title='bbox 983 1628 1080 1654; x_wconf 84' lang='lat' dir='ltr'>nova</span> <span class='ocrx_word' id='word_1_167' title='bbox 1116 1617 1268 1655; x_wconf 90' lang='lat' dir='ltr'>moenia</span> <span class='ocrx_word' id='word_1_168' title='bbox 1300 1616 1417 1668; x_wconf 81' lang='lat' dir='ltr'>vidit,</span> 
     </span>
     <span class='ocr_line' id='line_1_26' title="bbox 254 1674 1163 1726; baseline -0.001 -13"><span class='ocrx_word' id='word_1_169' title='bbox 254 1674 451 1726; x_wconf 88' lang='lat' dir='ltr'>Multaque</span> <span class='ocrx_word' id='word_1_170' title='bbox 484 1675 671 1714; x_wconf 86' lang='lat' dir='ltr'>Romulea</span> <span class='ocrx_word' id='word_1_171' title='bbox 703 1674 802 1713; x_wconf 89' lang='lat' dir='ltr'>bella</span> <span class='ocrx_word' id='word_1_172' title='bbox 834 1681 991 1725; x_wconf 89' lang='lat' dir='ltr'>peracta</span> <span class='ocrx_word' id='word_1_173' title='bbox 1024 1686 1163 1726; x_wconf 82' lang='lat' dir='ltr'>manu,</span> 
     </span>
     <span class='ocr_line' id='line_1_27' title="bbox 195 1730 1340 1785; baseline 0.001 -13"><span class='ocrx_word' id='word_1_174' title='bbox 195 1730 442 1785; x_wconf 70' lang='lat' dir='ltr'>‘Iuppiter‚&#39;</span> <span class='ocrx_word' id='word_1_175' title='bbox 475 1735 603 1784; x_wconf 89' lang='lat' dir='ltr'>inquit</span> <span class='ocrx_word' id='word_1_176' title='bbox 635 1731 774 1772; x_wconf 73' lang='lat' dir='ltr'>‘habet</span> <span class='ocrx_word' id='word_1_177' title='bbox 805 1733 977 1772; x_wconf 90' lang='lat' dir='ltr'>Romana</span> <span class='ocrx_word' id='word_1_178' title='bbox 1009 1735 1183 1784; x_wconf 86' lang='lat' dir='ltr'>potentia</span> <span class='ocrx_word' id='word_1_179' title='bbox 1216 1735 1340 1773; x_wconf 87' lang='lat' dir='ltr'>vires:</span> 
     </span>
     <span class='ocr_line' id='line_1_28' title="bbox 253 1792 1083 1844; baseline -0.001 -13"><span class='ocrx_word' id='word_1_180' title='bbox 253 1792 463 1843; x_wconf 84' lang='lat' dir='ltr'>Sanguinis</span> <span class='ocrx_word' id='word_1_181' title='bbox 495 1793 624 1831; x_wconf 78' lang='lat' dir='ltr'>officio</span> <span class='ocrx_word' id='word_1_182' title='bbox 657 1805 735 1831; x_wconf 90' lang='lat' dir='ltr'>non</span> <span class='ocrx_word' id='word_1_183' title='bbox 769 1798 857 1844; x_wconf 80' lang='lat' dir='ltr'>eget</span> <span class='ocrx_word' id='word_1_184' title='bbox 888 1793 950 1830; x_wconf 93' lang='lat' dir='ltr'>illa</span> <span class='ocrx_word' id='word_1_185' title='bbox 983 1794 1083 1831; x_wconf 78' lang='lat' dir='ltr'>mei.</span> 
     </span>
     <span class='ocr_line' id='line_1_29' title="bbox 105 1851 1287 1903; baseline -0.001 -13"><span class='ocrx_word' id='word_1_186' title='bbox 105 1859 173 1890; x_wconf 85' lang='lat'>485</span> <span class='ocrx_word' id='word_1_187' title='bbox 206 1851 338 1890; x_wconf 87' lang='lat' dir='ltr'>Redde</span> <span class='ocrx_word' id='word_1_188' title='bbox 371 1853 472 1903; x_wconf 89' lang='lat' dir='ltr'>patri</span> <span class='ocrx_word' id='word_1_189' title='bbox 504 1858 667 1890; x_wconf 90' lang='lat' dir='ltr'>natum.</span> <span class='ocrx_word' id='word_1_190' title='bbox 726 1853 902 1903; x_wconf 88' lang='lat' dir='ltr'>quamvis</span> <span class='ocrx_word' id='word_1_191' title='bbox 934 1851 1136 1890; x_wconf 79' lang='lat' dir='ltr'>intercidit</span> <span class='ocrx_word' id='word_1_192' title='bbox 1167 1851 1287 1902; x_wconf 86' lang='lat' dir='ltr'>alter,</span> 
     </span>
     <span class='ocr_line' id='line_1_30' title="bbox 253 1909 1280 1961; baseline 0 -13"><span class='ocrx_word' id='word_1_193' title='bbox 253 1909 329 1948; x_wconf 90' lang='lat' dir='ltr'>Pro</span> <span class='ocrx_word' id='word_1_194' title='bbox 362 1922 403 1948; x_wconf 92' lang='lat' dir='ltr'>se</span> <span class='ocrx_word' id='word_1_195' title='bbox 435 1923 586 1961; x_wconf 87' lang='lat' dir='ltr'>proque</span> <span class='ocrx_word' id='word_1_196' title='bbox 619 1910 739 1949; x_wconf 89' lang='lat' dir='ltr'>Remo</span> <span class='ocrx_word' id='word_1_197' title='bbox 773 1912 839 1960; x_wconf 88' lang='lat' dir='ltr'>qui</span> <span class='ocrx_word' id='word_1_198' title='bbox 873 1910 967 1948; x_wconf 90' lang='lat' dir='ltr'>mihi</span> <span class='ocrx_word' id='word_1_199' title='bbox 1000 1916 1150 1961; x_wconf 87' lang='lat' dir='ltr'>restat,</span> <span class='ocrx_word' id='word_1_200' title='bbox 1184 1912 1280 1948; x_wconf 87' lang='lat' dir='ltr'>erit.</span> 
     </span>
     <span class='ocr_line' id='line_1_31' title="bbox 195 1964 1274 2020; baseline 0 -14"><span class='ocrx_word' id='word_1_201' title='bbox 195 1965 344 2006; x_wconf 74' lang='lat' dir='ltr'>“Unus</span> <span class='ocrx_word' id='word_1_202' title='bbox 377 1970 479 2020; x_wconf 85' lang='lat' dir='ltr'>erit,</span> <span class='ocrx_word' id='word_1_203' title='bbox 512 1981 629 2019; x_wconf 90' lang='lat' dir='ltr'>quem</span> <span class='ocrx_word' id='word_1_204' title='bbox 661 1975 704 2007; x_wconf 88' lang='lat' dir='ltr'>tu</span> <span class='ocrx_word' id='word_1_205' title='bbox 736 1969 848 2008; x_wconf 83' lang='lat' dir='ltr'>tolles</span> <span class='ocrx_word' id='word_1_206' title='bbox 880 1970 919 2006; x_wconf 90' lang='lat' dir='ltr'>in</span> <span class='ocrx_word' id='word_1_207' title='bbox 953 1969 1108 2006; x_wconf 86' lang='lat' dir='ltr'>caerula</span> <span class='ocrx_word' id='word_1_208' title='bbox 1141 1964 1274 2007; x_wconf 67' lang='lat' dir='ltr'>caeli„</span> 
     </span>
     <span class='ocr_line' id='line_1_32' title="bbox 253 2023 1179 2066; baseline 0.001 -2"><span class='ocrx_word' id='word_1_209' title='bbox 253 2026 312 2065; x_wconf 92' lang='lat' dir='ltr'>Tu</span> <span class='ocrx_word' id='word_1_210' title='bbox 345 2027 441 2065; x_wconf 87' lang='lat' dir='ltr'>mihi</span> <span class='ocrx_word' id='word_1_211' title='bbox 473 2028 628 2066; x_wconf 84' lang='lat' dir='ltr'>dixisti:</span> <span class='ocrx_word' id='word_1_212' title='bbox 673 2029 751 2066; x_wconf 88' lang='lat' dir='ltr'>sint</span> <span class='ocrx_word' id='word_1_213' title='bbox 785 2033 866 2065; x_wconf 87' lang='lat' dir='ltr'>rata</span> <span class='ocrx_word' id='word_1_214' title='bbox 899 2026 1001 2065; x_wconf 89' lang='lat' dir='ltr'>dicta</span> <span class='ocrx_word' id='word_1_215' title='bbox 1033 2023 1179 2065; x_wconf 83' lang='lat' dir='ltr'>lovis.’</span> 
     </span>
     <span class='ocr_line' id='line_1_33' title="bbox 192 2085 1259 2138; baseline 0 -14"><span class='ocrx_word' id='word_1_216' title='bbox 192 2085 368 2138; x_wconf 90' lang='lat' dir='ltr'>luppiter</span> <span class='ocrx_word' id='word_1_217' title='bbox 401 2091 618 2125; x_wconf 90' lang='lat' dir='ltr'>annuerat.</span> <span class='ocrx_word' id='word_1_218' title='bbox 677 2093 775 2124; x_wconf 83' lang='lat' dir='ltr'>nutu</span> <span class='ocrx_word' id='word_1_219' title='bbox 807 2086 1060 2124; x_wconf 81' lang='lat' dir='ltr'>tremefactus</span> <span class='ocrx_word' id='word_1_220' title='bbox 1093 2091 1259 2136; x_wconf 89' lang='lat' dir='ltr'>uterque</span> 
     </span>
     <span class='ocr_line' id='line_1_34' title="bbox 105 2144 1212 2197; baseline 0 -14"><span class='ocrx_word' id='word_1_221' title='bbox 105 2152 173 2184; x_wconf 83' lang='lat'>490</span> <span class='ocrx_word' id='word_1_222' title='bbox 251 2144 322 2183; x_wconf 88' lang='lat' dir='ltr'>Est</span> <span class='ocrx_word' id='word_1_223' title='bbox 354 2144 496 2197; x_wconf 85' lang='lat' dir='ltr'>polus,</span> <span class='ocrx_word' id='word_1_224' title='bbox 528 2151 567 2184; x_wconf 92' lang='lat' dir='ltr'>et</span> <span class='ocrx_word' id='word_1_225' title='bbox 599 2144 695 2183; x_wconf 90' lang='lat' dir='ltr'>caeli</span> <span class='ocrx_word' id='word_1_226' title='bbox 727 2144 899 2196; x_wconf 85' lang='lat' dir='ltr'>pondera</span> <span class='ocrx_word' id='word_1_227' title='bbox 932 2146 1051 2182; x_wconf 87' lang='lat' dir='ltr'>movit</span> <span class='ocrx_word' id='word_1_228' title='bbox 1082 2145 1212 2184; x_wconf 82' lang='lat' dir='ltr'>Atlas,</span> 
     </span>
     <span class='ocr_line' id='line_1_35' title="bbox 192 2202 1221 2255; baseline 0.001 -14"><span class='ocrx_word' id='word_1_229' title='bbox 192 2202 263 2242; x_wconf 90' lang='lat' dir='ltr'>Est</span> <span class='ocrx_word' id='word_1_230' title='bbox 293 2204 403 2242; x_wconf 90' lang='lat' dir='ltr'>locus</span> <span class='ocrx_word' id='word_1_231' title='bbox 423 2235 433 2255; x_wconf 87' lang='lat'><strong><em>,</em></strong></span> <span class='ocrx_word' id='word_1_232' title='bbox 465 2205 615 2254; x_wconf 88' lang='lat' dir='ltr'>antiqui</span> <span class='ocrx_word' id='word_1_233' title='bbox 648 2203 818 2254; x_wconf 89' lang='lat' dir='ltr'>Capreae</span> <span class='ocrx_word' id='word_1_234' title='bbox 851 2203 984 2241; x_wconf 84' lang='lat' dir='ltr'>dixere</span> <span class='ocrx_word' id='word_1_235' title='bbox 1017 2202 1221 2254; x_wconf 83' lang='lat' dir='ltr'>paludem:</span> 
     </span>
     <span class='ocr_line' id='line_1_36' title="bbox 250 2261 1135 2314; baseline 0.001 -14"><span class='ocrx_word' id='word_1_236' title='bbox 250 2261 369 2301; x_wconf 89' lang='lat' dir='ltr'>Forte</span> <span class='ocrx_word' id='word_1_237' title='bbox 401 2264 480 2302; x_wconf 89' lang='lat' dir='ltr'>tuis</span> <span class='ocrx_word' id='word_1_238' title='bbox 512 2262 618 2314; x_wconf 83' lang='lat' dir='ltr'>illic,</span> <span class='ocrx_word' id='word_1_239' title='bbox 652 2261 844 2313; x_wconf 87' lang='lat' dir='ltr'>Romule,</span> <span class='ocrx_word' id='word_1_240' title='bbox 878 2263 963 2300; x_wconf 89' lang='lat' dir='ltr'>iura</span> <span class='ocrx_word' id='word_1_241' title='bbox 995 2261 1135 2301; x_wconf 87' lang='lat' dir='ltr'>dabas.</span> 
     </span>
     <span class='ocr_line' id='line_1_37' title="bbox 194 2319 1339 2374; baseline 0 -15"><span class='ocrx_word' id='word_1_242' title='bbox 194 2319 261 2359; x_wconf 87' lang='lat' dir='ltr'>Sol</span> <span class='ocrx_word' id='word_1_243' title='bbox 293 2321 419 2374; x_wconf 83' lang='lat' dir='ltr'>fugit,</span> <span class='ocrx_word' id='word_1_244' title='bbox 451 2328 491 2361; x_wconf 88' lang='lat' dir='ltr'>et</span> <span class='ocrx_word' id='word_1_245' title='bbox 523 2328 727 2360; x_wconf 88' lang='lat' dir='ltr'>removent</span> <span class='ocrx_word' id='word_1_246' title='bbox 758 2320 968 2359; x_wconf 87' lang='lat' dir='ltr'>subeuntia</span> <span class='ocrx_word' id='word_1_247' title='bbox 1000 2320 1132 2359; x_wconf 88' lang='lat' dir='ltr'>nubila</span> <span class='ocrx_word' id='word_1_248' title='bbox 1164 2320 1339 2373; x_wconf 88' lang='lat' dir='ltr'>caelum,</span> 
     </span>
    </p>
   </div>
  </div>
 </body>
</html>
