1570 2527
199 122 286 164 350
303 109 308 115 ”
742 123 995 157 FASTORUM

316 230 410 270 Post
442 237 569 270 tamen
602 229 677 270 hoc
709 242 801 269 ausa
833 237 894 270 est
924 230 1135 283 templum,
1166 232 1402 272 monimenta

1040 292 1233 343 parentis,

374 346 579 397 Tangere.
635 348 732 385 mira
765 347 950 399 quidem,
988 347 1056 387 sed
1088 353 1216 387 tamen
1254 354 1338 388 acta
1368 348 1529 400 loquar.

319 404 479 455 Signum
512 410 596 444 erat
627 406 666 444 in
699 405 795 444 solio
827 405 1004 445 residens
1036 405 1108 445 sub
1140 407 1306 457 imagine
1337 406 1463 459 Tulli3

374 463 525 502 Dicitur
557 463 630 502 hoc
661 463 784 503 oculis
817 465 1046 515 opposuisse
1079 476 1262 516 manum,

229 529 296 560 615
316 520 366 559 Et
396 533 469 559 vox
501 521 631 561 audita
663 527 724 561 est
755 519 902 562 ‘voltus
934 522 1158 562 abscondite
1190 528 1370 575 nostros,

373 578 430 618 Ne
463 585 573 619 natae
605 580 761 619 videant
792 592 859 619 ora
890 580 1056 620 nefanda
1087 577 1240 620 meael'

316 636 430 676 Veste
463 637 550 677 data
581 639 754 689 tegitur.
811 644 914 678 vetat
944 639 1044 678 hanc
1075 638 1247 678 Fortuna
1280 640 1449 691 moveri,

374 695 423 734 Et
455 697 511 735 sic
542 709 563 735 e
595 696 740 747 templo
773 702 832 736 est
863 699 946 748 ipsa
976 697 1106 736 locuta
1138 709 1232 737 suo:

317 750 417 793 ‘Ore
449 753 619 793 revelato
653 767 728 806 qua
759 757 929 807 primum
959 755 1047 794 luce
1078 755 1226 806 patebit

229 820 296 852 620
377 812 565 865 Servius,
596 812 690 852 haec
722 815 839 865 positi
869 814 994 865 prima
1026 814 1186 865 pudoris
1218 809 1337 852 erit.’

316 870 469 910 Parcite
488 901 499 923 ‚
531 877 730 911 matronae
749 903 760 923 ,
791 873 929 911 vetitas
961 874 1152 923 attingere
1185 876 1334 923 vestes3

376 928 563 968 Sollemni
594 931 687 968 satis
719 935 779 969 est
810 942 903 969 voce
935 942 1092 969 movere
1122 942 1284 981 preces.

318 986 454 1037 Sitque
487 993 605 1037 caput
635 999 789 1039 semper
821 987 992 1027 Romano
1024 993 1153 1027 tectus
1185 989 1354 1039 amictu,

376 1045 451 1090 Qui
483 1057 551 1084 rex
583 1047 623 1084 in
655 1051 789 1085 nostra
821 1048 1010 1097 septimus
1041 1045 1145 1084 Urbe
1178 1046 1272 1084 suit.

229 1111 296 1142 625
316 1104 476 1142 Arserat
506 1103 581 1142 hoc
612 1103 831 1155 templum.
886 1105 995 1154 signo
1029 1109 1158 1143 tamen
1188 1103 1254 1142 ille
1285 1104 1461 1155 pepercit

375 1161 509 1213 Ignis3
542 1173 655 1212 opem
688 1167 777 1200 nato
809 1161 999 1200 Mulciber
1029 1163 1112 1214 ipse
1144 1161 1256 1201 tulit.

315 1218 491 1270 Namque
523 1225 633 1270 pater
665 1219 767 1259 Tulli
799 1219 1019 1271 Volcanus,
1052 1220 1212 1259 Ocresia
1242 1225 1367 1259 mater

374 1277 596 1328 Praesignis
628 1278 726 1317 facie
758 1277 1013 1318 Corniculana
1045 1279 1141 1318 fuit.

315 1334 424 1375 Hanc
456 1348 589 1375 secum
622 1335 839 1388 Tanaquil,
872 1338 993 1376 sacris
1025 1336 1072 1375 de
1104 1348 1213 1375 more
1244 1337 1436 1389 peractis,

228 1402 295 1434 630
375 1393 493 1433 lussit
523 1395 564 1433 in
596 1400 776 1433 ornatum
808 1394 972 1434 fundere
1004 1396 1091 1433 vina
1122 1395 1275 1434 focum.

314 1451 386 1491 Hic
418 1454 521 1491 inter
552 1453 704 1492 cineres
737 1452 896 1492 obsceni
928 1454 1050 1492 forma
1081 1453 1203 1492 virilis

374 1511 450 1550 Aut
481 1511 582 1563 fuit,
614 1518 681 1551 aut
713 1513 791 1550 visa
823 1517 911 1551 est:
956 1511 1024 1551 sed
1056 1511 1130 1551 fuit
1160 1511 1222 1550 illa
1254 1512 1396 1562 magis.

315 1568 424 1608 Iussa
455 1568 540 1608 loco
572 1571 722 1621 captiva
753 1570 890 1609 sedet.
947 1575 1160 1621 conceptus
1192 1569 1238 1608 ab
1270 1569 1334 1608 illa

376 1627 535 1666 Servius
566 1639 588 1666 a
619 1627 725 1667 caelo
757 1629 903 1667 semina
936 1629 1062 1679 gentis
1093 1627 1231 1667 habet.

227 1693 295 1725 635
317 1685 433 1736 Signa
465 1685 572 1725 dedit
603 1687 756 1737 genitor
787 1691 910 1738 tunc,
943 1698 1033 1725 eum
1064 1692 1180 1738 caput
1209 1687 1298 1737 igne
1330 1697 1493 1725 corusco

375 1743 546 1794 Contigit
563 1775 575 1795 ,
606 1746 724 1795 inque
757 1746 878 1783 comis
908 1744 1110 1784 flammeus
1142 1746 1238 1783 arsit
1268 1756 1386 1796 apex,

315 1801 369 1840 Te
403 1813 558 1852 quoque
590 1802 790 1852 magnifica
810 1833 820 1853 ‚
853 1802 1097 1853 Concordia,
1129 1802 1282 1840 dedicat
1312 1802 1406 1841 aede

374 1858 508 1910 Livia,
541 1871 656 1910 quam
689 1871 777 1898 caro
808 1861 1004 1910 praestitit
1034 1861 1117 1911 ipsa
1149 1860 1254 1898 viro.

317 1917 431 1957 Disce
463 1923 592 1956 tamen
611 1949 622 1969 ‚
654 1919 812 1956 veniens
845 1923 950 1957 aetas
969 1949 980 1968 ‚
1011 1917 1079 1956 ubi
1110 1916 1217 1956 Livia
1248 1929 1353 1956 nunc
1384 1923 1443 1957 est

229 1984 296 2016 640
375 1975 586 2028 Porticus,
619 1977 830 2015 immensae
863 1982 964 2015 tecta
995 1976 1115 2014 fuisse
1147 1975 1307 2015 domus.

316 2033 432 2073 Urbis
465 2046 563 2085 opus
595 2033 733 2073 domus
764 2046 842 2073 una
873 2035 947 2073 suit
964 2065 975 2085 ,
1007 2035 1252 2085 spatiumque
1284 2033 1463 2086 tenebat,

377 2092 462 2138 Quo
493 2091 652 2131 brevius
683 2094 807 2131 muris
840 2091 980 2144 oppida
1010 2091 1131 2131 multa
1162 2097 1318 2130 tenent.

317 2150 420 2190 Haec
451 2155 614 2202 aequata
647 2149 728 2189 solo
762 2156 850 2203 est,
881 2149 987 2190 nullo
1020 2149 1092 2188 sub
1124 2151 1286 2189 crimine
1317 2150 1451 2201 regni,

378 2207 454 2247 Sed
486 2210 576 2260 quia
606 2208 761 2248 luxuria
791 2209 872 2247 visa
902 2220 1044 2247 nocere
1076 2219 1167 2247 sua.

230 2275 296 2307 645
319 2267 516 2306 Sustinuit
547 2272 672 2306 tantas
705 2279 867 2318 operum
899 2266 1126 2306 subvertere
1158 2264 1302 2317 moles,

377 2325 529 2376 Totque
562 2336 652 2364 suas
684 2325 798 2364 heres
830 2324 994 2376 perdere
1027 2323 1166 2362 Caesar
1198 2335 1314 2375 opes.
