1570 2527
119 139 206 181 190
666 143 730 175 EX
755 142 914 175 PONTo

170 257 214 289 50
293 249 344 289 Et
375 256 523 289 certam
555 261 742 301 praesens
775 250 836 288 vix
869 249 986 289 habet
1017 249 1111 289 hora
1144 247 1283 289 fidem.

235 305 365 347 ‘Litus
398 308 444 346 ad
476 304 694 347 Euxinum'
727 309 850 359 siquis
882 308 976 347 mihi
1008 308 1157 347 diceret
1189 305 1309 360 ‘ibis,

292 365 341 405 Et
372 371 523 405 metues
543 397 554 418 ‚
587 378 680 405 arcu
713 378 763 405 ne
795 367 936 405 feriare
970 366 1087 406 Getae
1102 363 1127 418 ‚³

234 422 293 476 ²1,
326 421 436 462 bibe'
469 423 654 463 dixissem
687 422 922 476 ‘purgantes
954 430 1114 476 pectora
1145 436 1285 477 sucos,

292 481 490 533 Quidquid
523 488 561 521 et
592 484 633 521 in
664 488 744 522 tota
776 484 950 522 nascitur
981 483 1164 534 Anticyra
1180 480 1204 521 .'

168 548 212 579 55
234 540 328 579 Sum
360 547 490 579 tamen
521 540 617 580 haec
649 553 816 592 passus.
873 553 946 580 nec
964 572 974 592 ,
1009 542 1040 580 si
1072 540 1249 580 mortalia
1281 542 1450 593 possim,

290 598 340 637 Et
372 600 514 638 summi
545 605 721 650 poteram
754 599 829 638 tela
861 611 998 638 cavere
1031 599 1115 638 dei.

233 656 291 696 Tu
325 669 480 709 quoque
513 657 573 697 fac
607 659 742 697 timeas
762 690 772 710 ,
813 663 851 697 et
883 670 981 709 quae
1014 657 1085 696 tibi
1116 657 1215 697 laeta
1247 657 1448 710 videntur,

289 714 391 755 Dum
423 715 597 767 loqueris
616 748 627 769 ‚
659 717 744 756 fieri
776 718 902 756 tristia
932 727 1048 768 posse
1080 722 1197 767 puta.

729 844 834 892 IIII.

228 947 341 987 Nulla
373 949 455 988 dies
487 948 582 987 adeo
615 955 675 988 est
706 948 941 987 australibus
974 948 1104 988 umida
1136 947 1300 999 nimbis,

289 1006 375 1045 Non
407 1008 642 1046 intermissis
675 1013 718 1046 ut
749 1006 843 1046 fluat
873 1006 999 1045 imber
1032 1008 1166 1058 aquis.

230 1064 310 1103 Nec
343 1065 487 1104 sterliis
520 1065 629 1104 locus
661 1064 763 1104 ullus
795 1066 848 1104 ita
880 1070 940 1104 est
957 1096 968 1116 ‚
1001 1071 1044 1103 ut
1076 1077 1153 1103 non
1185 1066 1236 1104 sit
1265 1066 1306 1104 in
1336 1064 1401 1104 illo

287 1122 405 1162 Mixta
436 1124 518 1162 fere
551 1123 660 1162 duris
693 1123 798 1162 utilis
831 1122 952 1161 herba
984 1122 1115 1162 rubis.

190 1189 209 1219 5
231 1180 292 1219 Nil
325 1181 418 1220 adeo
453 1182 607 1220 fortuna
640 1183 766 1232 gravis
799 1180 1018 1220 miserabile
1051 1182 1167 1232 fecit,

289 1239 337 1278 Ut
370 1241 546 1278 minuant
578 1239 682 1278 nulla
714 1238 850 1290 gaudia
882 1245 993 1290 parte
1027 1239 1194 1278 malum.

230 1296 331 1336 Ecce
365 1297 478 1336 domo
510 1299 713 1349 patriaque
747 1309 883 1336 carens
916 1297 1117 1348 oculisque
1151 1309 1350 1349 meorum,

288 1354 506 1406 Naufragus
537 1357 578 1395 in
612 1355 737 1394 Getici
768 1355 893 1394 litoris
925 1362 1035 1394 actus
1068 1367 1213 1408 aquas,

230 1413 314 1459 Qua
347 1420 476 1453 tamen
508 1415 639 1453 inveni
670 1413 820 1453 vultum
852 1413 1069 1452 diffundere
1102 1425 1217 1452 causa
1373 1422 1446 1453 (112)

168 1480 209 1511 10
289 1471 440 1511 Possim
460 1504 470 1523 ,
503 1472 683 1511 fortunae
717 1484 788 1511 nec
821 1473 1044 1510 meminisse
1076 1483 1206 1510 meae.

228 1530 324 1569 Nam
358 1530 453 1568 mihi
485 1542 574 1569 cum
606 1530 711 1569 solus
745 1532 935 1581 spatiarer
966 1531 1091 1569 tristis
1122 1530 1291 1582 harena,

288 1587 378 1627 Visa
410 1594 469 1628 est
501 1600 522 1627 a
554 1594 663 1640 tergo
696 1590 814 1640 pinna
846 1588 999 1627 dedisse
1032 1600 1194 1627 sonum.

229 1647 440 1697 Respicio:
491 1659 563 1686 nec
597 1653 679 1686 erat
711 1659 887 1698 corpus,
925 1647 1028 1698 quod
1067 1658 1230 1686 cernere
1266 1657 1445 1699 possem,

287 1704 413 1743 Verba
445 1710 575 1744 tamen
607 1710 699 1744 sunt
730 1705 825 1744 haec
857 1717 951 1744 aure
983 1711 1140 1757 recepta
1171 1717 1279 1744 mea:

168 1771 208 1801 15
230 1760 310 1801 ‘En
343 1775 413 1813 ego
448 1763 637 1802 laetarum
669 1765 780 1801 venio
815 1763 885 1802 tibi
916 1765 1052 1802 nuntia
1084 1775 1241 1815 rerum,

287 1820 403 1859 Fama
422 1852 432 1872 ,
463 1833 534 1872 per
565 1822 762 1859 inmensas
794 1824 882 1859 aere
914 1821 1019 1872 lapsa
1051 1822 1152 1860 vias.

230 1879 397 1918 Consule
430 1878 639 1931 Pompeio,
673 1891 749 1930 quo
782 1891 858 1917 non
891 1878 962 1917 tibi
994 1880 1120 1918 carior
1152 1879 1274 1931 alter,

289 1937 485 1977 Candidus
518 1943 556 1976 et
587 1937 678 1976 felix
710 1938 911 1987 proximus
944 1949 1068 1976 annus
1101 1939 1176 1976 erit
1191 1934 1213 1976 .’

229 1995 361 2047 Dixit,
393 2002 432 2035 et
463 2002 507 2035 ut
537 1995 637 2034 laeto
670 1995 838 2034 Pontum
869 2007 1026 2034 rumore
1059 1995 1246 2046 replevit,

166 2061 210 2093 20
289 2054 345 2092 Ad
378 2060 515 2104 gentes
548 2054 640 2093 alias
672 2053 762 2092 hinc
794 2053 865 2092 dea
898 2055 1013 2092 vertit
1044 2056 1141 2093 iter.

229 2112 277 2151 At
309 2112 404 2150 mihi
437 2112 595 2163 dilapsis
627 2114 730 2151 inter
762 2124 859 2150 nova
891 2112 1029 2162 gaudia
1061 2113 1167 2150 curis

289 2169 443 2209 Excidit
475 2172 664 2222 asperitas
696 2170 813 2209 huius
844 2171 977 2220 iniqua
1008 2170 1105 2208 loci.

229 2227 331 2278 Ergo
365 2228 459 2280 ubi,
492 2229 582 2268 Iane
615 2228 748 2280 biceps
767 2259 777 2279 ,
815 2227 974 2279 longum
1011 2229 1246 2267 reseraveris
1278 2238 1443 2279 annum,

288 2286 430 2325 Pulsus
463 2292 503 2325 et
534 2299 554 2325 a
587 2298 697 2326 sacro
730 2298 864 2325 mense
896 2286 1110 2325 December
1143 2288 1240 2337 erit,

166 2353 209 2384 25
228 2344 408 2396 Purpura
441 2345 669 2397 Pompeium
701 2347 843 2384 summi
874 2344 1014 2384 velabit
1045 2345 1227 2395 honoris,
