1570 2527
569 113 615 144 11.
637 120 653 145 1
678 114 804 146 34—11
830 114 885 145 37.
1316 110 1401 152 145

691 243 750 289 II.

173 336 241 376 Ille
273 335 412 376 domus
444 341 596 376 vestrae
629 338 767 388 primis
799 342 1007 376 venerator
1039 337 1086 377 311
1119 338 1254 389 annis,

232 395 376 434 Pulsus
409 394 456 434 ad
489 394 634 434 Euxini
664 394 766 434 Naso
800 396 959 434 sinistra
991 396 1104 447 freti,

173 453 292 493 Mittit
323 453 370 492 ab
403 453 605 492 indomitis
636 453 738 493 hanc
756 485 767 507 ‚
799 453 1004 493 Messaline
1024 486 1035 506 ,
1068 454 1256 507 salutem,

237 512 362 558 Quam
395 512 534 552 solitus
566 524 753 564 praesens
786 518 846 551 est
877 512 947 551 tibi
978 513 1106 566 ferre,
1139 513 1269 552 Getis.

140 578 161 610 5
180 570 227 609 Ei
258 570 383 610 mihi!
435 570 527 622 quid
560 570 661 610 lecto
693 570 824 610 vultus
857 570 928 610 tibi
960 573 1118 610 nomine
1150 584 1230 610 non
1262 577 1322 611 est

235 629 311 675 Qui
342 629 445 681 fuit,
477 634 518 668 et
549 629 704 669 dubitas
737 635 867 668 cetera
899 628 1140 681 perlegere?

172 687 365 740 Perlege,
398 699 471 727 nec
503 700 657 727 mecum
690 689 839 739 pariter
870 700 957 727 mea
988 688 1106 727 verba
1137 688 1290 740 relega:

231 746 337 784 Urbe
370 746 462 785 licet
493 752 622 785 vestra
655 745 833 785 versibus
866 759 952 785 esse
984 748 1106 786 meis.

172 804 259 843 Non
291 816 362 855 ego
395 806 588 856 concepi,
622 806 655 842 si
685 803 821 843 Pelion
853 804 950 843 Ossa
982 805 1161 856 tulisset,

111 870 154 902 10
202 862 344 916 ‘Clara
376 875 461 901 mea
492 865 598 913 tangi
630 862 758 901 sidera
790 875 906 914 posse
938 875 1080 915 manu3

171 921 252 960 Nec
284 933 356 960 nos
388 920 574 960 Enceladi
606 921 803 960 dementia
835 927 962 961 castra
994 923 1122 961 secuti

231 979 273 1019 In
307 992 442 1019 rerum
474 980 652 1019 dominos
684 981 877 1019 movimus
910 992 1016 1019 arma
1049 980 1167 1019 deos:

170 1038 251 1077 Nec
269 1069 280 1090 ‚
313 1039 417 1089 quod
449 1038 620 1090 Tydidae
653 1040 861 1078 temeraria
893 1038 1054 1078 dextera
1086 1039 1202 1090 fecit,

232 1097 400 1136 Numina
433 1103 525 1136 sunt
556 1097 645 1136 telis
676 1096 753 1136 ulla
785 1098 907 1148 petita
939 1099 1059 1137 meis.

109 1162 152 1194 15
171 1154 242 1195 Est
274 1168 360 1195 mea
392 1156 506 1207 culpa
538 1157 666 1206 gravis
685 1187 696 1206 ‚
736 1156 804 1194 sed
838 1168 936 1207 quae
977 1168 1040 1195 me
1072 1155 1239 1208 perdere
1273 1155 1399 1195 solum

229 1214 334 1253 Ausa
367 1215 448 1267 sit,
480 1219 519 1253 et
550 1214 702 1253 nullum
732 1215 858 1253 maius
891 1214 1027 1254 adorta
1058 1215 1191 1254 nefas.

171 1272 234 1312 Nil
265 1274 341 1312 nisi
373 1285 451 1312 non
484 1274 639 1324 sapiens
671 1284 833 1324 possum
864 1273 1105 1325 timidusque
1137 1274 1291 1312 vocari:

229 1330 335 1370 Haec
367 1331 443 1371 duo
477 1338 570 1370 sunt
601 1332 719 1371 animi
751 1332 908 1370 nomina
940 1344 1032 1370 vera
1063 1333 1164 1371 mei.

171 1389 268 1429 Esse
300 1390 460 1441 quidem
492 1390 616 1429 fateor
648 1392 828 1429 meritam
860 1396 950 1441 post
981 1389 1159 1429 Caesaris
1192 1391 1290 1430 iram
1340 1399 1397 1431 (39)

106 1456 151 1488 20
229 1447 435 1488 Difficilem
466 1448 651 1500 precibus
683 1454 722 1488 te
754 1460 912 1500 quoque
943 1450 1030 1488 iure
1061 1450 1186 1501 meis3

171 1507 359 1558 Quaeque
391 1513 457 1546 tua
489 1513 551 1546 est
581 1509 707 1558 pietas
738 1509 779 1546 in
811 1512 938 1546 totum
969 1519 1113 1546 nomen
1145 1507 1243 1560 Iuli,

229 1565 285 1604 Te
316 1565 447 1617 laedi,
480 1578 569 1604 cum
602 1567 690 1616 quis
722 1565 890 1605 laeditur
921 1565 1012 1605 inde
1032 1597 1043 1618 ,
1074 1571 1213 1618 putas.

171 1624 247 1663 Sed
280 1624 372 1663 licet
403 1636 509 1663 arma
541 1624 644 1663 feras
677 1630 716 1663 et
747 1624 908 1663 vulnera
941 1636 1054 1664 saeva
1085 1625 1272 1677 mineris,

228 1682 314 1721 Non
346 1688 477 1722 tamen
509 1683 686 1735 efficies,
724 1688 768 1722 ut
799 1684 962 1723 timeare
993 1682 1112 1723 mihi.

106 1749 150 1780 25
170 1741 317 1793 Puppis
348 1741 665 1780 Achaemeniden
699 1741 858 1780 Graium
891 1741 1059 1781 Troiana
1091 1744 1264 1795 recepit:

230 1799 387 1839 Profuit
418 1805 458 1839 et
487 1800 596 1851 Myso
627 1799 756 1839 Pelias
787 1800 897 1840 hasta
929 1800 1042 1840 duci.

171 1858 355 1910 Confugit
386 1858 586 1898 interdum
617 1859 753 1911 templi
783 1858 947 1898 violator
979 1859 1026 1898 ad
1059 1871 1188 1913 aram,

228 1917 308 1956 Nec
340 1923 475 1969 petere
508 1918 648 1957 offensi
680 1918 853 1957 numinis
884 1918 1022 1957 horret
1053 1930 1195 1969 opem.

169 1974 321 2014 Dixerit
351 1975 427 2014 hoc
459 1975 600 2027 aliquis
631 1981 762 2015 tutum
794 1988 873 2015 non
906 1988 1021 2015 esse.
1073 1977 1263 2016 fatemur.

105 2042 149 2074 30
230 2033 307 2073 Sed
339 2045 417 2073 non
449 2046 521 2086 per
552 2034 723 2086 placidas
755 2036 786 2073 it
816 2046 901 2073 mea
932 2035 1076 2086 puppis
1109 2047 1251 2086 aquas.

168 2092 268 2131 Tuta
299 2097 435 2144 petant
467 2093 561 2132 alii.
615 2093 772 2132 fortuna
805 2094 1028 2132 miserrima
1060 2098 1144 2132 tuta
1176 2099 1236 2133 est

104 2159 149 2191 32
228 2151 324 2190 Nam
356 2152 474 2190 timor
506 2157 669 2191 eventus
702 2151 911 2191 deterioris
944 2151 1079 2199 abest.

104 2217 148 2249 35
169 2209 246 2255 Qui
276 2211 429 2261 rapitur

226 2268 397 2320 Porrigit
428 2270 560 2321 spinas
593 2268 791 2320 duraquae
825 2281 914 2308 saxa

170 2325 506 2379 [Accipitremque
539 2329 683 2368 timens
714 2329 855 2380 pennis
887 2326 1175 2379 trepidantibus
1208 2329 1287 2369 ales

120 2398 229 2426 ovm.
265 2399 324 2425 m.
1138 2399 1181 2430 10
