<?xml version="1.0" encoding="UTF-8"?>
<!DOCTYPE html PUBLIC "-//W3C//DTD XHTML 1.0 Transitional//EN"
    "http://www.w3.org/TR/xhtml1/DTD/xhtml1-transitional.dtd">
<html xmlns="http://www.w3.org/1999/xhtml" xml:lang="en" lang="en">
 <head>
  <title>
</title>
<meta http-equiv="Content-Type" content="text/html;charset=utf-8" />
  <meta name='ocr-system' content='tesseract 3.04.00' />
  <meta name='ocr-capabilities' content='ocr_page ocr_carea ocr_par ocr_line ocrx_word'/>
</head>
<body>
  <div class='ocr_page' id='page_1' title='image "./ovidopera03oviduoft_0409.png"; bbox 0 0 1570 2527; ppageno 0'>
   <div class='ocr_carea' id='block_1_1' title="bbox 573 92 1380 156">
    <p class='ocr_par' dir='ltr' id='par_1_1' title="bbox 573 92 1380 156">
     <span class='ocr_line' id='line_1_1' title="bbox 573 92 1380 156; baseline 0.009 -7"><span class='ocrx_word' id='word_1_1' title='bbox 573 117 634 151; x_wconf 85' lang='lat' dir='ltr'>VI.</span> <span class='ocrx_word' id='word_1_2' title='bbox 662 118 858 150; x_wconf 83' lang='lat'>538—610.</span> <span class='ocrx_word' id='word_1_3' title='bbox 1279 92 1380 156; x_wconf 71' lang='lat'>&#39;349</span> 
     </span>
    </p>
   </div>
   <div class='ocr_carea' id='block_1_2' title="bbox 67 224 1375 2386">
    <p class='ocr_par' dir='ltr' id='par_1_2' title="bbox 67 224 1375 2386">
     <span class='ocr_line' id='line_1_2' title="bbox 220 224 1241 277; baseline 0.001 -14"><span class='ocrx_word' id='word_1_4' title='bbox 220 224 514 275; x_wconf 89' lang='lat' dir='ltr'>Caelestemque</span> <span class='ocrx_word' id='word_1_5' title='bbox 546 224 695 263; x_wconf 87' lang='lat' dir='ltr'>homini</span> <span class='ocrx_word' id='word_1_6' title='bbox 728 224 989 264; x_wconf 82' lang='lat' dir='ltr'>concubuisse</span> <span class='ocrx_word' id='word_1_7' title='bbox 1021 224 1165 277; x_wconf 82' lang='lat' dir='ltr'>pudet,</span> <span class='ocrx_word' id='word_1_8' title='bbox 1198 247 1241 252; x_wconf 97' lang='lat'><strong>—</strong></span> 
     </span>
     <span class='ocr_line' id='line_1_3' title="bbox 72 283 1159 335; baseline 0 -13"><span class='ocrx_word' id='word_1_9' title='bbox 72 292 139 323; x_wconf 83' lang='lat'>575</span> <span class='ocrx_word' id='word_1_10' title='bbox 161 284 265 322; x_wconf 80' lang='lat' dir='ltr'>Arsit</span> <span class='ocrx_word' id='word_1_11' title='bbox 297 285 400 322; x_wconf 88' lang='lat' dir='ltr'>enim</span> <span class='ocrx_word' id='word_1_12' title='bbox 434 296 571 334; x_wconf 86' lang='lat' dir='ltr'>magno</span> <span class='ocrx_word' id='word_1_13' title='bbox 605 289 784 335; x_wconf 86' lang='lat' dir='ltr'>correpta</span> <span class='ocrx_word' id='word_1_14' title='bbox 817 283 1000 335; x_wconf 86' lang='lat' dir='ltr'>cupidine</span> <span class='ocrx_word' id='word_1_15' title='bbox 1033 285 1159 335; x_wconf 78' lang='lat' dir='ltr'>regis,</span> 
     </span>
     <span class='ocr_line' id='line_1_4' title="bbox 220 342 1209 392; baseline 0 -12"><span class='ocrx_word' id='word_1_16' title='bbox 220 342 420 392; x_wconf 80' lang='lat' dir='ltr'>Caecaque</span> <span class='ocrx_word' id='word_1_17' title='bbox 452 343 492 380; x_wconf 90' lang='lat' dir='ltr'>in</span> <span class='ocrx_word' id='word_1_18' title='bbox 523 342 596 380; x_wconf 87' lang='lat' dir='ltr'>hoc</span> <span class='ocrx_word' id='word_1_19' title='bbox 628 354 707 381; x_wconf 87' lang='lat' dir='ltr'>uno</span> <span class='ocrx_word' id='word_1_20' title='bbox 740 355 817 381; x_wconf 88' lang='lat' dir='ltr'>non</span> <span class='ocrx_word' id='word_1_21' title='bbox 851 343 924 381; x_wconf 87' lang='lat' dir='ltr'>fuit</span> <span class='ocrx_word' id='word_1_22' title='bbox 955 342 1019 381; x_wconf 89' lang='lat' dir='ltr'>illa</span> <span class='ocrx_word' id='word_1_23' title='bbox 1051 344 1132 380; x_wconf 85' lang='lat' dir='ltr'>viro</span> <span class='ocrx_word' id='word_1_24' title='bbox 1166 363 1209 369; x_wconf 89' lang='lat'>-</span> 
     </span>
     <span class='ocr_line' id='line_1_5' title="bbox 160 400 1263 451; baseline 0.001 -12"><span class='ocrx_word' id='word_1_25' title='bbox 160 401 281 440; x_wconf 85' lang='lat' dir='ltr'>Nocte</span> <span class='ocrx_word' id='word_1_26' title='bbox 315 401 472 439; x_wconf 89' lang='lat' dir='ltr'>domum</span> <span class='ocrx_word' id='word_1_27' title='bbox 505 413 621 451; x_wconf 88' lang='lat' dir='ltr'>parva</span> <span class='ocrx_word' id='word_1_28' title='bbox 654 400 765 439; x_wconf 88' lang='lat' dir='ltr'>solita</span> <span class='ocrx_word' id='word_1_29' title='bbox 798 407 857 440; x_wconf 90' lang='lat' dir='ltr'>est</span> <span class='ocrx_word' id='word_1_30' title='bbox 889 403 1036 440; x_wconf 88' lang='lat' dir='ltr'>intrare</span> <span class='ocrx_word' id='word_1_31' title='bbox 1068 401 1263 440; x_wconf 78' lang='lat' dir='ltr'>fenestra:</span> 
     </span>
     <span class='ocr_line' id='line_1_6' title="bbox 219 459 1097 510; baseline 0.001 -13"><span class='ocrx_word' id='word_1_32' title='bbox 219 459 328 498; x_wconf 87' lang='lat' dir='ltr'>Unde</span> <span class='ocrx_word' id='word_1_33' title='bbox 360 459 601 498; x_wconf 83' lang='lat' dir='ltr'>Fenestellae</span> <span class='ocrx_word' id='word_1_34' title='bbox 635 461 791 498; x_wconf 80' lang='lat' dir='ltr'>nomina</span> <span class='ocrx_word' id='word_1_35' title='bbox 824 465 936 510; x_wconf 89' lang='lat' dir='ltr'>porta</span> <span class='ocrx_word' id='word_1_36' title='bbox 967 466 1097 498; x_wconf 88' lang='lat' dir='ltr'>tenet.</span> 
     </span>
     <span class='ocr_line' id='line_1_7' title="bbox 160 517 1239 570; baseline 0 -14"><span class='ocrx_word' id='word_1_37' title='bbox 160 519 272 557; x_wconf 77' lang='lat' dir='ltr'>Nunc</span> <span class='ocrx_word' id='word_1_38' title='bbox 304 517 453 569; x_wconf 86' lang='lat' dir='ltr'>pudet,</span> <span class='ocrx_word' id='word_1_39' title='bbox 487 523 526 556; x_wconf 90' lang='lat' dir='ltr'>et</span> <span class='ocrx_word' id='word_1_40' title='bbox 557 517 682 556; x_wconf 82' lang='lat' dir='ltr'>voltus</span> <span class='ocrx_word' id='word_1_41' title='bbox 715 518 904 557; x_wconf 85' lang='lat' dir='ltr'>velamine</span> <span class='ocrx_word' id='word_1_42' title='bbox 938 518 1037 557; x_wconf 88' lang='lat' dir='ltr'>celat</span> <span class='ocrx_word' id='word_1_43' title='bbox 1068 524 1239 570; x_wconf 83' lang='lat' dir='ltr'>amatos,</span> 
     </span>
     <span class='ocr_line' id='line_1_8' title="bbox 73 576 1068 628; baseline -0.001 -12"><span class='ocrx_word' id='word_1_44' title='bbox 73 584 139 616; x_wconf 86' lang='lat'>580</span> <span class='ocrx_word' id='word_1_45' title='bbox 220 577 376 628; x_wconf 84' lang='lat' dir='ltr'>Oraque</span> <span class='ocrx_word' id='word_1_46' title='bbox 409 582 501 615; x_wconf 88' lang='lat' dir='ltr'>sunt</span> <span class='ocrx_word' id='word_1_47' title='bbox 532 576 653 615; x_wconf 88' lang='lat' dir='ltr'>multa</span> <span class='ocrx_word' id='word_1_48' title='bbox 686 578 791 627; x_wconf 84' lang='lat' dir='ltr'>regia</span> <span class='ocrx_word' id='word_1_49' title='bbox 824 582 926 615; x_wconf 85' lang='lat' dir='ltr'>tecta</span> <span class='ocrx_word' id='word_1_50' title='bbox 959 584 1068 627; x_wconf 85' lang='lat' dir='ltr'>toga.</span> 
     </span>
     <span class='ocr_line' id='line_1_9' title="bbox 161 635 1268 687; baseline 0 -13"><span class='ocrx_word' id='word_1_51' title='bbox 161 636 217 674; x_wconf 86' lang='lat' dir='ltr'>An</span> <span class='ocrx_word' id='word_1_52' title='bbox 250 637 372 686; x_wconf 85' lang='lat' dir='ltr'>magis</span> <span class='ocrx_word' id='word_1_53' title='bbox 405 641 463 674; x_wconf 89' lang='lat' dir='ltr'>est</span> <span class='ocrx_word' id='word_1_54' title='bbox 495 647 630 673; x_wconf 83' lang='lat' dir='ltr'>verum</span> <span class='ocrx_word' id='word_1_55' title='bbox 650 666 660 682; x_wconf 77' lang='grc'>,</span> <span class='ocrx_word' id='word_1_56' title='bbox 692 641 780 686; x_wconf 88' lang='lat' dir='ltr'>post</span> <span class='ocrx_word' id='word_1_57' title='bbox 813 635 914 674; x_wconf 81' lang='lat' dir='ltr'>Tulli</span> <span class='ocrx_word' id='word_1_58' title='bbox 947 636 1084 674; x_wconf 85' lang='lat' dir='ltr'>funera</span> <span class='ocrx_word' id='word_1_59' title='bbox 1116 635 1268 687; x_wconf 86' lang='lat' dir='ltr'>plebem</span> 
     </span>
     <span class='ocr_line' id='line_1_10' title="bbox 220 693 1071 744; baseline -0.001 -11"><span class='ocrx_word' id='word_1_60' title='bbox 220 693 429 733; x_wconf 82' lang='lat' dir='ltr'>Confusam</span> <span class='ocrx_word' id='word_1_61' title='bbox 461 693 602 744; x_wconf 88' lang='lat' dir='ltr'>placidi</span> <span class='ocrx_word' id='word_1_62' title='bbox 633 701 759 733; x_wconf 91' lang='lat' dir='ltr'>morte</span> <span class='ocrx_word' id='word_1_63' title='bbox 792 695 912 733; x_wconf 87' lang='lat' dir='ltr'>fuisse</span> <span class='ocrx_word' id='word_1_64' title='bbox 946 696 1071 733; x_wconf 87' lang='lat' dir='ltr'>senis:</span> 
     </span>
     <span class='ocr_line' id='line_1_11' title="bbox 160 752 1310 804; baseline 0.001 -13"><span class='ocrx_word' id='word_1_65' title='bbox 160 753 240 791; x_wconf 88' lang='lat' dir='ltr'>Nec</span> <span class='ocrx_word' id='word_1_66' title='bbox 272 753 411 791; x_wconf 90' lang='lat' dir='ltr'>modus</span> <span class='ocrx_word' id='word_1_67' title='bbox 444 752 547 791; x_wconf 89' lang='lat' dir='ltr'>ullus</span> <span class='ocrx_word' id='word_1_68' title='bbox 580 759 691 804; x_wconf 82' lang='lat' dir='ltr'>erat,</span> <span class='ocrx_word' id='word_1_69' title='bbox 724 753 927 792; x_wconf 82' lang='lat' dir='ltr'>crescebat</span> <span class='ocrx_word' id='word_1_70' title='bbox 958 754 1125 803; x_wconf 84' lang='lat' dir='ltr'>imagine</span> <span class='ocrx_word' id='word_1_71' title='bbox 1158 752 1310 804; x_wconf 61' lang='lat' dir='ltr'>lucum,</span> 
     </span>
     <span class='ocr_line' id='line_1_12' title="bbox 218 809 1050 862; baseline 0 -12"><span class='ocrx_word' id='word_1_72' title='bbox 218 811 350 850; x_wconf 91' lang='lat' dir='ltr'>Donec</span> <span class='ocrx_word' id='word_1_73' title='bbox 382 823 470 850; x_wconf 90' lang='lat' dir='ltr'>eum</span> <span class='ocrx_word' id='word_1_74' title='bbox 502 813 640 862; x_wconf 88' lang='lat' dir='ltr'>positis</span> <span class='ocrx_word' id='word_1_75' title='bbox 673 811 881 850; x_wconf 84' lang='lat' dir='ltr'>occuluere</span> <span class='ocrx_word' id='word_1_76' title='bbox 914 809 1050 862; x_wconf 76' lang='lat' dir='ltr'>togis?</span> 
     </span>
     <span class='ocr_line' id='line_1_13' title="bbox 74 869 1225 921; baseline 0 -12"><span class='ocrx_word' id='word_1_77' title='bbox 74 877 141 909; x_wconf 86' lang='lat'>585</span> <span class='ocrx_word' id='word_1_78' title='bbox 163 870 295 909; x_wconf 89' lang='lat' dir='ltr'>Tertia</span> <span class='ocrx_word' id='word_1_79' title='bbox 328 881 443 908; x_wconf 89' lang='lat' dir='ltr'>causa</span> <span class='ocrx_word' id='word_1_80' title='bbox 475 869 571 907; x_wconf 89' lang='lat' dir='ltr'>mihi</span> <span class='ocrx_word' id='word_1_81' title='bbox 603 872 726 920; x_wconf 85' lang='lat' dir='ltr'>spatio</span> <span class='ocrx_word' id='word_1_82' title='bbox 759 872 905 908; x_wconf 90' lang='lat' dir='ltr'>maiore</span> <span class='ocrx_word' id='word_1_83' title='bbox 938 870 1110 908; x_wconf 84' lang='lat' dir='ltr'>canenda</span> <span class='ocrx_word' id='word_1_84' title='bbox 1143 876 1225 921; x_wconf 80' lang='lat' dir='ltr'>est3</span> 
     </span>
     <span class='ocr_line' id='line_1_14' title="bbox 217 927 1186 979; baseline 0 -13"><span class='ocrx_word' id='word_1_85' title='bbox 217 927 296 967; x_wconf 90' lang='lat' dir='ltr'>Nos</span> <span class='ocrx_word' id='word_1_86' title='bbox 328 934 456 966; x_wconf 87' lang='lat' dir='ltr'>tamen</span> <span class='ocrx_word' id='word_1_87' title='bbox 491 927 680 966; x_wconf 90' lang='lat' dir='ltr'>adductos</span> <span class='ocrx_word' id='word_1_88' title='bbox 711 930 817 966; x_wconf 89' lang='lat' dir='ltr'>intus</span> <span class='ocrx_word' id='word_1_89' title='bbox 850 940 1008 979; x_wconf 83' lang='lat' dir='ltr'>agemus</span> <span class='ocrx_word' id='word_1_90' title='bbox 1041 941 1186 979; x_wconf 90' lang='lat' dir='ltr'>equos.</span> 
     </span>
     <span class='ocr_line' id='line_1_15' title="bbox 160 986 1157 1039; baseline 0 -14"><span class='ocrx_word' id='word_1_91' title='bbox 160 986 285 1026; x_wconf 88' lang='lat' dir='ltr'>Tullia</span> <span class='ocrx_word' id='word_1_92' title='bbox 317 988 498 1037; x_wconf 85' lang='lat' dir='ltr'>coniugio</span> <span class='ocrx_word' id='word_1_93' title='bbox 519 1017 529 1037; x_wconf 86' lang='lat'><strong><em>,</em></strong></span> <span class='ocrx_word' id='word_1_94' title='bbox 563 986 722 1025; x_wconf 85' lang='lat' dir='ltr'>sceleris</span> <span class='ocrx_word' id='word_1_95' title='bbox 755 987 966 1039; x_wconf 85' lang='lat' dir='ltr'>mercede,</span> <span class='ocrx_word' id='word_1_96' title='bbox 998 993 1157 1037; x_wconf 90' lang='lat' dir='ltr'>peracto</span> 
     </span>
     <span class='ocr_line' id='line_1_16' title="bbox 219 1044 1116 1084; baseline 0 -1"><span class='ocrx_word' id='word_1_97' title='bbox 219 1045 288 1084; x_wconf 92' lang='lat' dir='ltr'>His</span> <span class='ocrx_word' id='word_1_98' title='bbox 321 1044 432 1084; x_wconf 90' lang='lat' dir='ltr'>solita</span> <span class='ocrx_word' id='word_1_99' title='bbox 466 1050 525 1083; x_wconf 92' lang='lat' dir='ltr'>est</span> <span class='ocrx_word' id='word_1_100' title='bbox 557 1045 671 1083; x_wconf 89' lang='lat' dir='ltr'>dictis</span> <span class='ocrx_word' id='word_1_101' title='bbox 704 1045 933 1084; x_wconf 76' lang='lat' dir='ltr'>extimulare</span> <span class='ocrx_word' id='word_1_102' title='bbox 968 1047 1116 1084; x_wconf 84' lang='lat' dir='ltr'>virum:</span> 
     </span>
     <span class='ocr_line' id='line_1_17' title="bbox 163 1101 1335 1157; baseline 0 -15"><span class='ocrx_word' id='word_1_103' title='bbox 163 1101 287 1149; x_wconf 74' lang='lat' dir='ltr'>eQuid</span> <span class='ocrx_word' id='word_1_104' title='bbox 320 1105 425 1142; x_wconf 84' lang='lat' dir='ltr'>iuvat</span> <span class='ocrx_word' id='word_1_105' title='bbox 458 1115 543 1142; x_wconf 90' lang='lat' dir='ltr'>esse</span> <span class='ocrx_word' id='word_1_106' title='bbox 575 1115 718 1155; x_wconf 80' lang='lat' dir='ltr'>pares,</span> <span class='ocrx_word' id='word_1_107' title='bbox 750 1110 789 1142; x_wconf 88' lang='lat' dir='ltr'>te</span> <span class='ocrx_word' id='word_1_108' title='bbox 820 1111 977 1143; x_wconf 85' lang='lat' dir='ltr'>nostrae</span> <span class='ocrx_word' id='word_1_109' title='bbox 1011 1104 1128 1142; x_wconf 88' lang='lat' dir='ltr'>caede</span> <span class='ocrx_word' id='word_1_110' title='bbox 1163 1106 1335 1157; x_wconf 85' lang='lat' dir='ltr'>sororis,</span> 
     </span>
     <span class='ocr_line' id='line_1_18' title="bbox 72 1161 1102 1214; baseline -0.001 -12"><span class='ocrx_word' id='word_1_111' title='bbox 72 1170 139 1203; x_wconf 85' lang='lat'>590</span> <span class='ocrx_word' id='word_1_112' title='bbox 218 1162 358 1214; x_wconf 86' lang='lat' dir='ltr'>Meque</span> <span class='ocrx_word' id='word_1_113' title='bbox 391 1163 450 1201; x_wconf 90' lang='lat' dir='ltr'>tui</span> <span class='ocrx_word' id='word_1_114' title='bbox 482 1162 614 1201; x_wconf 84' lang='lat' dir='ltr'>fratris</span> <span class='ocrx_word' id='word_1_115' title='bbox 633 1193 643 1213; x_wconf 82' lang='grc'>,</span> <span class='ocrx_word' id='word_1_116' title='bbox 676 1164 709 1201; x_wconf 88' lang='lat' dir='ltr'>si</span> <span class='ocrx_word' id='word_1_117' title='bbox 739 1163 801 1213; x_wconf 90' lang='lat' dir='ltr'>pia</span> <span class='ocrx_word' id='word_1_118' title='bbox 833 1164 910 1201; x_wconf 87' lang='lat' dir='ltr'>vita</span> <span class='ocrx_word' id='word_1_119' title='bbox 942 1161 1102 1213; x_wconf 82' lang='lat' dir='ltr'>placet?</span> 
     </span>
     <span class='ocr_line' id='line_1_19' title="bbox 160 1221 1245 1273; baseline 0 -13"><span class='ocrx_word' id='word_1_120' title='bbox 160 1221 296 1260; x_wconf 91' lang='lat' dir='ltr'>Vivere</span> <span class='ocrx_word' id='word_1_121' title='bbox 330 1221 546 1259; x_wconf 85' lang='lat' dir='ltr'>debuerant</span> <span class='ocrx_word' id='word_1_122' title='bbox 579 1226 617 1259; x_wconf 89' lang='lat' dir='ltr'>et</span> <span class='ocrx_word' id='word_1_123' title='bbox 649 1222 707 1258; x_wconf 84' lang='lat' dir='ltr'>vir</span> <span class='ocrx_word' id='word_1_124' title='bbox 740 1233 850 1259; x_wconf 89' lang='lat' dir='ltr'>meus</span> <span class='ocrx_word' id='word_1_125' title='bbox 883 1228 921 1260; x_wconf 87' lang='lat' dir='ltr'>et</span> <span class='ocrx_word' id='word_1_126' title='bbox 953 1228 1018 1260; x_wconf 89' lang='lat' dir='ltr'>tua</span> <span class='ocrx_word' id='word_1_127' title='bbox 1051 1222 1245 1273; x_wconf 87' lang='lat' dir='ltr'>coniunx,</span> 
     </span>
     <span class='ocr_line' id='line_1_20' title="bbox 220 1279 1109 1331; baseline -0.001 -12"><span class='ocrx_word' id='word_1_128' title='bbox 220 1280 261 1319; x_wconf 91' lang='lat' dir='ltr'>Si</span> <span class='ocrx_word' id='word_1_129' title='bbox 293 1279 444 1318; x_wconf 90' lang='lat' dir='ltr'>nullum</span> <span class='ocrx_word' id='word_1_130' title='bbox 477 1281 610 1318; x_wconf 87' lang='lat' dir='ltr'>ausuri</span> <span class='ocrx_word' id='word_1_131' title='bbox 641 1280 767 1318; x_wconf 89' lang='lat' dir='ltr'>maius</span> <span class='ocrx_word' id='word_1_132' title='bbox 800 1292 955 1318; x_wconf 88' lang='lat' dir='ltr'>eramus</span> <span class='ocrx_word' id='word_1_133' title='bbox 988 1292 1109 1331; x_wconf 87' lang='lat' dir='ltr'>opus.</span> 
     </span>
     <span class='ocr_line' id='line_1_21' title="bbox 159 1337 1141 1390; baseline -0.001 -12"><span class='ocrx_word' id='word_1_134' title='bbox 159 1339 209 1378; x_wconf 85' lang='lat' dir='ltr'>Et</span> <span class='ocrx_word' id='word_1_135' title='bbox 240 1345 357 1390; x_wconf 88' lang='lat' dir='ltr'>caput</span> <span class='ocrx_word' id='word_1_136' title='bbox 389 1344 427 1377; x_wconf 87' lang='lat' dir='ltr'>et</span> <span class='ocrx_word' id='word_1_137' title='bbox 458 1350 622 1389; x_wconf 87' lang='lat' dir='ltr'>regnum</span> <span class='ocrx_word' id='word_1_138' title='bbox 656 1339 753 1377; x_wconf 84' lang='lat' dir='ltr'>facio</span> <span class='ocrx_word' id='word_1_139' title='bbox 787 1338 912 1377; x_wconf 87' lang='lat' dir='ltr'>dotale</span> <span class='ocrx_word' id='word_1_140' title='bbox 945 1337 1141 1390; x_wconf 83' lang='lat' dir='ltr'>parentis!</span> 
     </span>
     <span class='ocr_line' id='line_1_22' title="bbox 220 1397 1108 1449; baseline -0.001 -13"><span class='ocrx_word' id='word_1_141' title='bbox 220 1397 261 1436; x_wconf 93' lang='lat' dir='ltr'>Si</span> <span class='ocrx_word' id='word_1_142' title='bbox 292 1399 350 1436; x_wconf 87' lang='lat' dir='ltr'>vir</span> <span class='ocrx_word' id='word_1_143' title='bbox 383 1409 454 1449; x_wconf 74' lang='lat' dir='ltr'>es,</span> <span class='ocrx_word' id='word_1_144' title='bbox 486 1399 527 1449; x_wconf 79' lang='lat' dir='ltr'>i,</span> <span class='ocrx_word' id='word_1_145' title='bbox 561 1397 682 1436; x_wconf 87' lang='lat' dir='ltr'>dictas</span> <span class='ocrx_word' id='word_1_146' title='bbox 716 1398 824 1448; x_wconf 82' lang='lat' dir='ltr'>exige</span> <span class='ocrx_word' id='word_1_147' title='bbox 859 1397 960 1436; x_wconf 87' lang='lat' dir='ltr'>dotis</span> <span class='ocrx_word' id='word_1_148' title='bbox 993 1409 1108 1448; x_wconf 91' lang='lat' dir='ltr'>opes.</span> 
     </span>
     <span class='ocr_line' id='line_1_23' title="bbox 73 1455 1309 1508; baseline -0.001 -13"><span class='ocrx_word' id='word_1_149' title='bbox 73 1463 138 1496; x_wconf 86' lang='lat'>595</span> <span class='ocrx_word' id='word_1_150' title='bbox 159 1456 278 1508; x_wconf 86' lang='lat' dir='ltr'>Regia</span> <span class='ocrx_word' id='word_1_151' title='bbox 310 1468 374 1494; x_wconf 90' lang='lat' dir='ltr'>res</span> <span class='ocrx_word' id='word_1_152' title='bbox 407 1455 535 1495; x_wconf 87' lang='lat' dir='ltr'>scelus</span> <span class='ocrx_word' id='word_1_153' title='bbox 568 1455 655 1495; x_wconf 89' lang='lat' dir='ltr'>est!</span> <span class='ocrx_word' id='word_1_154' title='bbox 701 1467 837 1498; x_wconf 86' lang='lat' dir='ltr'>socero</span> <span class='ocrx_word' id='word_1_155' title='bbox 870 1468 963 1507; x_wconf 89' lang='lat' dir='ltr'>cape</span> <span class='ocrx_word' id='word_1_156' title='bbox 997 1468 1114 1506; x_wconf 83' lang='lat' dir='ltr'>regna</span> <span class='ocrx_word' id='word_1_157' title='bbox 1148 1461 1309 1507; x_wconf 83' lang='lat' dir='ltr'>necato,</span> 
     </span>
     <span class='ocr_line' id='line_1_24' title="bbox 218 1511 1214 1566; baseline -0.001 -13"><span class='ocrx_word' id='word_1_158' title='bbox 218 1515 268 1553; x_wconf 89' lang='lat' dir='ltr'>Et</span> <span class='ocrx_word' id='word_1_159' title='bbox 300 1521 453 1553; x_wconf 86' lang='lat' dir='ltr'>nostras</span> <span class='ocrx_word' id='word_1_160' title='bbox 485 1516 610 1566; x_wconf 88' lang='lat' dir='ltr'>patrio</span> <span class='ocrx_word' id='word_1_161' title='bbox 645 1516 831 1565; x_wconf 85' lang='lat' dir='ltr'>sanguine</span> <span class='ocrx_word' id='word_1_162' title='bbox 865 1516 999 1565; x_wconf 84' lang='lat' dir='ltr'>tingue</span> <span class='ocrx_word' id='word_1_163' title='bbox 1032 1511 1214 1553; x_wconf 75' lang='lat' dir='ltr'>manusi&#39;</span> 
     </span>
     <span class='ocr_line' id='line_1_25' title="bbox 160 1573 1076 1624; baseline -0.001 -12"><span class='ocrx_word' id='word_1_164' title='bbox 160 1573 318 1612; x_wconf 88' lang='lat' dir='ltr'>Talibus</span> <span class='ocrx_word' id='word_1_165' title='bbox 350 1575 561 1612; x_wconf 86' lang='lat' dir='ltr'>instinctus</span> <span class='ocrx_word' id='word_1_166' title='bbox 594 1573 689 1611; x_wconf 89' lang='lat' dir='ltr'>solio</span> <span class='ocrx_word' id='word_1_167' title='bbox 721 1574 896 1624; x_wconf 83' lang='lat' dir='ltr'>privatus</span> <span class='ocrx_word' id='word_1_168' title='bbox 928 1575 967 1612; x_wconf 92' lang='lat' dir='ltr'>in</span> <span class='ocrx_word' id='word_1_169' title='bbox 1001 1573 1076 1612; x_wconf 87' lang='lat' dir='ltr'>alto</span> 
     </span>
     <span class='ocr_line' id='line_1_26' title="bbox 219 1631 1193 1683; baseline 0 -12"><span class='ocrx_word' id='word_1_170' title='bbox 219 1632 409 1671; x_wconf 85' lang='lat' dir='ltr'>Sederat.</span> <span class='ocrx_word' id='word_1_171' title='bbox 467 1633 674 1670; x_wconf 88' lang='lat' dir='ltr'>attonitum</span> <span class='ocrx_word' id='word_1_172' title='bbox 707 1631 842 1683; x_wconf 85' lang='lat' dir='ltr'>volgus</span> <span class='ocrx_word' id='word_1_173' title='bbox 875 1632 920 1671; x_wconf 90' lang='lat' dir='ltr'>ad</span> <span class='ocrx_word' id='word_1_174' title='bbox 954 1644 1057 1670; x_wconf 90' lang='lat' dir='ltr'>arma</span> <span class='ocrx_word' id='word_1_175' title='bbox 1090 1633 1193 1671; x_wconf 87' lang='lat' dir='ltr'>ruit:</span> 
     </span>
     <span class='ocr_line' id='line_1_27' title="bbox 158 1690 1375 1742; baseline 0 -13"><span class='ocrx_word' id='word_1_176' title='bbox 158 1690 257 1729; x_wconf 90' lang='lat' dir='ltr'>Hinc</span> <span class='ocrx_word' id='word_1_177' title='bbox 290 1703 408 1729; x_wconf 87' lang='lat' dir='ltr'>cruor</span> <span class='ocrx_word' id='word_1_178' title='bbox 427 1721 437 1741; x_wconf 85' lang='lat'><em>‚</em></span> <span class='ocrx_word' id='word_1_179' title='bbox 469 1690 560 1729; x_wconf 90' lang='lat' dir='ltr'>hinc</span> <span class='ocrx_word' id='word_1_180' title='bbox 594 1690 732 1729; x_wconf 86' lang='lat' dir='ltr'>caedes</span> <span class='ocrx_word' id='word_1_181' title='bbox 752 1723 762 1742; x_wconf 85' lang='lat'><em>‚</em></span> <span class='ocrx_word' id='word_1_182' title='bbox 793 1691 1026 1742; x_wconf 88' lang='lat' dir='ltr'>infirmaque</span> <span class='ocrx_word' id='word_1_183' title='bbox 1053 1692 1223 1729; x_wconf 85' lang='lat' dir='ltr'>vincitur</span> <span class='ocrx_word' id='word_1_184' title='bbox 1250 1697 1375 1730; x_wconf 86' lang='lat' dir='ltr'>aetas:</span> 
     </span>
     <span class='ocr_line' id='line_1_28' title="bbox 71 1749 1254 1800; baseline -0.002 -11"><span class='ocrx_word' id='word_1_185' title='bbox 71 1758 139 1789; x_wconf 83' lang='lat'>600</span> <span class='ocrx_word' id='word_1_186' title='bbox 220 1749 382 1800; x_wconf 78' lang='lat' dir='ltr'>Sceptra</span> <span class='ocrx_word' id='word_1_187' title='bbox 415 1761 536 1800; x_wconf 83' lang='lat' dir='ltr'>gener</span> <span class='ocrx_word' id='word_1_188' title='bbox 568 1761 704 1788; x_wconf 89' lang='lat' dir='ltr'>socero</span> <span class='ocrx_word' id='word_1_189' title='bbox 737 1755 846 1800; x_wconf 83' lang='lat' dir='ltr'>rapta</span> <span class='ocrx_word' id='word_1_190' title='bbox 880 1749 1083 1800; x_wconf 87' lang='lat' dir='ltr'>Superbus</span> <span class='ocrx_word' id='word_1_191' title='bbox 1115 1749 1254 1788; x_wconf 87' lang='lat' dir='ltr'>habet.</span> 
     </span>
     <span class='ocr_line' id='line_1_29' title="bbox 157 1807 1250 1860; baseline 0 -14"><span class='ocrx_word' id='word_1_192' title='bbox 157 1808 243 1860; x_wconf 83' lang='lat' dir='ltr'>lpse</span> <span class='ocrx_word' id='word_1_193' title='bbox 276 1807 348 1846; x_wconf 88' lang='lat' dir='ltr'>sub</span> <span class='ocrx_word' id='word_1_194' title='bbox 381 1807 595 1859; x_wconf 82' lang='lat' dir='ltr'>Esquiliis,</span> <span class='ocrx_word' id='word_1_195' title='bbox 628 1807 696 1846; x_wconf 91' lang='lat' dir='ltr'>ubi</span> <span class='ocrx_word' id='word_1_196' title='bbox 729 1814 811 1846; x_wconf 90' lang='lat' dir='ltr'>erat</span> <span class='ocrx_word' id='word_1_197' title='bbox 843 1820 913 1847; x_wconf 91' lang='lat' dir='ltr'>sua</span> <span class='ocrx_word' id='word_1_198' title='bbox 945 1810 1079 1859; x_wconf 81' lang='lat' dir='ltr'>regia,</span> <span class='ocrx_word' id='word_1_199' title='bbox 1113 1820 1250 1847; x_wconf 89' lang='lat' dir='ltr'>caesus</span> 
     </span>
     <span class='ocr_line' id='line_1_30' title="bbox 217 1866 1128 1917; baseline 0 -12"><span class='ocrx_word' id='word_1_200' title='bbox 217 1866 396 1906; x_wconf 80' lang='lat' dir='ltr'>Concidit</span> <span class='ocrx_word' id='word_1_201' title='bbox 427 1868 467 1905; x_wconf 90' lang='lat' dir='ltr'>in</span> <span class='ocrx_word' id='word_1_202' title='bbox 499 1866 595 1905; x_wconf 84' lang='lat' dir='ltr'>dura</span> <span class='ocrx_word' id='word_1_203' title='bbox 629 1866 953 1917; x_wconf 84' lang='lat' dir='ltr'>sanguinulentus</span> <span class='ocrx_word' id='word_1_204' title='bbox 985 1867 1128 1905; x_wconf 89' lang='lat' dir='ltr'>humo.</span> 
     </span>
     <span class='ocr_line' id='line_1_31' title="bbox 158 1925 1074 1976; baseline 0 -13"><span class='ocrx_word' id='word_1_205' title='bbox 158 1925 286 1975; x_wconf 87' lang='lat' dir='ltr'>Filia,</span> <span class='ocrx_word' id='word_1_206' title='bbox 315 1930 501 1975; x_wconf 88' lang='lat' dir='ltr'>carpento</span> <span class='ocrx_word' id='word_1_207' title='bbox 534 1927 681 1974; x_wconf 89' lang='lat' dir='ltr'>patrios</span> <span class='ocrx_word' id='word_1_208' title='bbox 712 1927 857 1963; x_wconf 85' lang='lat' dir='ltr'>initura</span> <span class='ocrx_word' id='word_1_209' title='bbox 890 1931 1074 1976; x_wconf 80' lang='lat' dir='ltr'>penates,</span> 
     </span>
     <span class='ocr_line' id='line_1_32' title="bbox 215 1982 1040 2033; baseline 0.001 -12"><span class='ocrx_word' id='word_1_210' title='bbox 215 1983 298 2022; x_wconf 89' lang='lat' dir='ltr'>Ibat</span> <span class='ocrx_word' id='word_1_211' title='bbox 328 1995 399 2033; x_wconf 84' lang='lat' dir='ltr'>per</span> <span class='ocrx_word' id='word_1_212' title='bbox 432 1982 578 2021; x_wconf 87' lang='lat' dir='ltr'>medias</span> <span class='ocrx_word' id='word_1_213' title='bbox 611 1982 685 2021; x_wconf 89' lang='lat' dir='ltr'>alta</span> <span class='ocrx_word' id='word_1_214' title='bbox 717 1983 905 2033; x_wconf 85' lang='lat' dir='ltr'>feroxque</span> <span class='ocrx_word' id='word_1_215' title='bbox 938 1985 1040 2022; x_wconf 84' lang='lat' dir='ltr'>vias.</span> 
     </span>
     <span class='ocr_line' id='line_1_33' title="bbox 70 2041 1166 2093; baseline -0.001 -12"><span class='ocrx_word' id='word_1_216' title='bbox 70 2049 136 2081; x_wconf 85' lang='lat'>605</span> <span class='ocrx_word' id='word_1_217' title='bbox 158 2043 309 2093; x_wconf 87' lang='lat' dir='ltr'>Corpus</span> <span class='ocrx_word' id='word_1_218' title='bbox 343 2048 385 2080; x_wconf 93' lang='lat' dir='ltr'>ut</span> <span class='ocrx_word' id='word_1_219' title='bbox 417 2042 595 2093; x_wconf 77' lang='lat' dir='ltr'>aspexit,</span> <span class='ocrx_word' id='word_1_220' title='bbox 628 2041 796 2080; x_wconf 88' lang='lat' dir='ltr'>lacrimis</span> <span class='ocrx_word' id='word_1_221' title='bbox 829 2043 962 2092; x_wconf 83' lang='lat' dir='ltr'>auriga</span> <span class='ocrx_word' id='word_1_222' title='bbox 994 2042 1166 2093; x_wconf 81' lang='lat' dir='ltr'>profusis</span> 
     </span>
     <span class='ocr_line' id='line_1_34' title="bbox 216 2099 1101 2150; baseline -0.001 -11"><span class='ocrx_word' id='word_1_223' title='bbox 216 2101 399 2139; x_wconf 87' lang='lat' dir='ltr'>Restitit.</span> <span class='ocrx_word' id='word_1_224' title='bbox 457 2100 562 2138; x_wconf 89' lang='lat' dir='ltr'>hunc</span> <span class='ocrx_word' id='word_1_225' title='bbox 594 2099 661 2138; x_wconf 88' lang='lat' dir='ltr'>tali</span> <span class='ocrx_word' id='word_1_226' title='bbox 693 2101 855 2150; x_wconf 89' lang='lat' dir='ltr'>corripit</span> <span class='ocrx_word' id='word_1_227' title='bbox 886 2100 949 2139; x_wconf 88' lang='lat' dir='ltr'>illa</span> <span class='ocrx_word' id='word_1_228' title='bbox 982 2113 1101 2139; x_wconf 89' lang='lat' dir='ltr'>sono:</span> 
     </span>
     <span class='ocr_line' id='line_1_35' title="bbox 156 2157 1248 2211; baseline 0 -13"><span class='ocrx_word' id='word_1_229' title='bbox 156 2157 322 2211; x_wconf 68' lang='lat' dir='ltr'>‘Vadis7</span> <span class='ocrx_word' id='word_1_230' title='bbox 355 2171 402 2197; x_wconf 89' lang='lat' dir='ltr'>an</span> <span class='ocrx_word' id='word_1_231' title='bbox 435 2164 615 2210; x_wconf 85' lang='lat' dir='ltr'>expectas</span> <span class='ocrx_word' id='word_1_232' title='bbox 647 2160 818 2210; x_wconf 88' lang='lat' dir='ltr'>pretium</span> <span class='ocrx_word' id='word_1_233' title='bbox 850 2160 1006 2209; x_wconf 86' lang='lat' dir='ltr'>pietatis</span> <span class='ocrx_word' id='word_1_234' title='bbox 1039 2157 1248 2199; x_wconf 76' lang='lat' dir='ltr'>amarum?</span> 
     </span>
     <span class='ocr_line' id='line_1_36' title="bbox 215 2215 1219 2269; baseline 0.001 -13"><span class='ocrx_word' id='word_1_235' title='bbox 215 2218 297 2256; x_wconf 91' lang='lat' dir='ltr'>Duc</span> <span class='ocrx_word' id='word_1_236' title='bbox 317 2249 327 2268; x_wconf 90' lang='lat'><strong><em>,</em></strong></span> <span class='ocrx_word' id='word_1_237' title='bbox 359 2219 547 2269; x_wconf 82' lang='lat' dir='ltr'>inquam,</span> <span class='ocrx_word' id='word_1_238' title='bbox 580 2219 719 2256; x_wconf 88' lang='lat' dir='ltr'>invitas</span> <span class='ocrx_word' id='word_1_239' title='bbox 751 2220 834 2268; x_wconf 84' lang='lat' dir='ltr'>ipsa</span> <span class='ocrx_word' id='word_1_240' title='bbox 867 2230 937 2269; x_wconf 88' lang='lat' dir='ltr'>per</span> <span class='ocrx_word' id='word_1_241' title='bbox 970 2230 1035 2256; x_wconf 89' lang='lat' dir='ltr'>ora</span> <span class='ocrx_word' id='word_1_242' title='bbox 1070 2215 1219 2257; x_wconf 84' lang='lat' dir='ltr'>rotas!&#39;</span> 
     </span>
     <span class='ocr_line' id='line_1_37' title="bbox 156 2275 1165 2316; baseline -0.001 0"><span class='ocrx_word' id='word_1_243' title='bbox 156 2277 270 2316; x_wconf 87' lang='lat' dir='ltr'>Certa</span> <span class='ocrx_word' id='word_1_244' title='bbox 302 2275 398 2315; x_wconf 87' lang='lat' dir='ltr'>fides</span> <span class='ocrx_word' id='word_1_245' title='bbox 431 2276 549 2315; x_wconf 88' lang='lat' dir='ltr'>facti.</span> <span class='ocrx_word' id='word_1_246' title='bbox 607 2276 734 2315; x_wconf 88' lang='lat' dir='ltr'>dictus</span> <span class='ocrx_word' id='word_1_247' title='bbox 768 2275 990 2315; x_wconf 87' lang='lat' dir='ltr'>Sceleratus</span> <span class='ocrx_word' id='word_1_248' title='bbox 1022 2276 1069 2315; x_wconf 90' lang='lat' dir='ltr'>ab</span> <span class='ocrx_word' id='word_1_249' title='bbox 1101 2276 1165 2316; x_wconf 86' lang='lat' dir='ltr'>illa</span> 
     </span>
     <span class='ocr_line' id='line_1_38' title="bbox 67 2334 1104 2386; baseline -0.001 -11"><span class='ocrx_word' id='word_1_250' title='bbox 67 2343 134 2376; x_wconf 83' lang='grc'>610</span> <span class='ocrx_word' id='word_1_251' title='bbox 213 2334 359 2386; x_wconf 82' lang='lat' dir='ltr'>vicus,</span> <span class='ocrx_word' id='word_1_252' title='bbox 392 2341 431 2374; x_wconf 90' lang='lat' dir='ltr'>et</span> <span class='ocrx_word' id='word_1_253' title='bbox 462 2340 619 2374; x_wconf 87' lang='lat' dir='ltr'>aeterna</span> <span class='ocrx_word' id='word_1_254' title='bbox 651 2347 715 2373; x_wconf 88' lang='lat' dir='ltr'>res</span> <span class='ocrx_word' id='word_1_255' title='bbox 748 2347 791 2374; x_wconf 89' lang='lat' dir='ltr'>ea</span> <span class='ocrx_word' id='word_1_256' title='bbox 824 2347 959 2386; x_wconf 87' lang='lat' dir='ltr'>pressa</span> <span class='ocrx_word' id='word_1_257' title='bbox 991 2341 1104 2374; x_wconf 89' lang='lat' dir='ltr'>nota.</span> 
     </span>
    </p>
   </div>
  </div>
 </body>
</html>
