1570 2527
164 119 251 162 344
706 124 959 156 FASTORUM

341 230 522 281 Obstipui
553 232 694 270 tacitus
727 230 973 282 sustinuique
1006 231 1189 282 gradum.

284 288 414 327 Sensit
445 301 541 327 anus
573 290 699 328 vicina
729 289 805 328 loci
823 321 834 341 ‚
865 291 1093 341 iussumque
1126 291 1261 331 sedere

195 354 262 385 400
342 346 587 398 Alloquitur,
622 348 799 398 quatiens
831 360 923 386 voce
956 354 1147 387 tremente
1180 356 1317 401 caput:

283 401 384 442 ‘Hoc
417 404 485 443 ubi
515 417 620 444 nunc
652 406 735 444 fora
767 412 888 458 sunt,
920 406 1018 445 udae
1050 412 1213 457 tenuere
1245 408 1429 461 paludes,

340 463 461 502 Amne
493 463 721 503 redundatis
753 464 855 502 fossa
888 463 1066 503 madebat
1097 467 1230 516 aquis.

284 521 441 559 Curtius
473 521 536 560 ille
567 521 674 561 lacus
693 553 703 573 ‚
736 524 859 561 siccas
892 524 959 574 qui
991 525 1160 562 sustinet
1190 536 1298 576 aras,

339 579 452 618 Nunc
484 579 606 618 solida
639 586 697 618 est
728 580 843 620 tellus
862 612 872 632 ,
905 581 972 620 sed
1004 581 1111 620 lacus
1143 588 1230 621 ante
1263 583 1358 623 suit.

194 645 260 675 405
282 638 364 682 Qua
398 637 558 677 Velabra
591 638 716 677 solent
747 640 786 677 iu
819 639 974 678 Circum
1006 639 1150 678 ducere
1181 653 1364 693 pompas,

339 695 400 734 Nil
430 702 586 747 praeter
618 697 755 736 salices
788 709 972 748 cassaque
1005 710 1126 736 canna
1157 699 1252 739 fuit.

286 754 408 804 Saepe
441 754 684 794 suburbanas
716 755 871 794 rediens
904 757 1063 795 conviva
1093 769 1164 807 per
1196 757 1318 796 undas

343 812 479 851 Cantat
496 844 507 865 ,
540 819 579 852 et
610 814 656 852 ad
688 820 825 853 nautas
858 814 964 853 ebria
995 814 1111 853 verba
1142 816 1254 855 iacit.

281 870 461 909 Nondum
495 873 729 910 conveniens
761 872 924 911 diversis
956 874 1029 911 iste
1061 874 1196 923 figuris

193 936 260 968 410
339 928 486 968 Nomen
520 929 566 968 ab
600 942 734 969 averso
767 936 924 981 ceperat
955 943 1066 969 amne
1099 931 1219 970 deus.

280 987 351 1025 Hic
384 1000 539 1038 quoque
572 987 683 1027 lucus
716 995 798 1027 erat
829 990 954 1027 iuncis
987 995 1026 1027 et
1057 990 1245 1028 arundine
1278 989 1423 1029 densus

340 1045 389 1084 Et
420 1046 518 1097 pede
550 1046 672 1085 velato
705 1059 783 1085 non
814 1047 990 1086 adeunda
1021 1047 1154 1097 palus.

283 1104 424 1154 Stagna
456 1110 707 1143 recesserunt
739 1111 777 1143 et
809 1117 926 1155 aquas
959 1117 1029 1143 sna
1059 1107 1143 1156 ripa
1175 1112 1352 1159 coercet,
1420 1115 1495 1146 (209)

341 1162 529 1212 Siccaque
561 1175 665 1201 nunc
697 1162 841 1201 tellus:
885 1175 969 1201 mos
1001 1169 1130 1202 tamen
1161 1164 1250 1202 inde
1282 1169 1434 1204 manet.

193 1227 259 1258 415
281 1220 517 1259 Reddiderat
548 1233 731 1259 causam.
790 1218 935 1260 ‘valeas
953 1252 964 1272 ,
996 1234 1093 1260 anus
1125 1224 1269 1273 optima
1289 1220 1319 1261 !'
1351 1222 1431 1261 dixi

341 1275 473 1323 ‘Quod
507 1285 688 1330 superest
719 1281 830 1330 aevi,
862 1279 976 1318 molle
1009 1282 1060 1319 sit
1091 1292 1203 1319 omne
1223 1312 1233 1332 ‚
1265 1278 1367 1320 tui.'

282 1337 418 1375 Cetera
450 1338 525 1376 iam
557 1338 709 1388 pridem
741 1338 859 1376 didici
889 1338 1105 1389 puerilibus
1137 1340 1271 1390 annis,

340 1395 426 1433 Non
459 1402 587 1434 tamen
618 1395 764 1435 idcirco
797 1396 1082 1447 praetereunda
1114 1397 1229 1435 mihi.

282 1452 432 1492 Moenia
463 1453 702 1492 Dardanides
733 1467 860 1505 nuper
890 1467 988 1493 nova
1020 1455 1166 1494 fecerat
1196 1455 1297 1495 llus:

193 1519 261 1550 420
340 1511 419 1550 Ilus
451 1512 576 1551 adhuc
608 1513 720 1551 Asiae
753 1512 857 1551 dives
890 1512 1056 1551 habebat
1086 1526 1201 1564 opes:

282 1570 463 1609 Creditur
494 1571 697 1609 armiferae
731 1572 884 1621 signum
917 1571 1083 1610 caeleste
1114 1571 1309 1610 Minervae

340 1628 455 1667 Urbis
486 1630 527 1667 in
558 1628 693 1667 Iliacae
727 1629 930 1667 desiluisse
962 1632 1073 1680 iuga.

283 1686 383 1725 Cura
413 1686 543 1725 videre
576 1688 649 1726 fuit
667 1718 677 1738 ,
716 1687 792 1726 vidi
823 1687 1089 1739 templumque
1120 1688 1349 1740 locumque.

340 1745 422 1783 Hoc
455 1751 635 1795 superest
664 1745 747 1796 illi,
778 1745 930 1784 Pallada
960 1746 1083 1784 Roma
1113 1752 1242 1786 tenet.

194 1811 260 1841 425
284 1802 509 1841 Consulitur
542 1802 766 1842 Smintheus
786 1834 796 1854 ‚
826 1803 994 1854 lucoque
1026 1803 1218 1843 obscurus
1251 1817 1370 1856 opaco

340 1861 420 1899 Hos
451 1873 528 1899 nou
561 1863 722 1899 mentito
756 1861 924 1899 reddidit
955 1873 1022 1899 ore
1055 1874 1195 1901 sonos:

283 1917 521 1958 ‘Aetheriam
552 1925 703 1958 servate
736 1919 875 1969 deam,
907 1919 1111 1958 servabitis
1143 1919 1304 1960 urbem:

341 1977 551 2029 Imperium
584 1990 716 2016 secum
749 1978 958 2016 transferet
989 1977 1051 2016 illa
1082 1976 1201 2017 loci.'

285 2036 447 2088 Servat,
481 2043 519 2075 et
549 2035 738 2074 inclusam
771 2048 920 2075 summa
951 2042 1059 2075 tenet
1089 2036 1167 2075 Ilus
1198 2038 1239 2076 in
1270 2049 1382 2090 arce,

194 2103 262 2134 430
342 2094 520 2145 Curaque
553 2094 599 2133 ad
631 2094 814 2133 heredem
846 2094 1107 2134 Laomedonta
1137 2095 1239 2134 redit
1252 2125 1266 2138 .,

285 2152 364 2191 Sub
396 2152 549 2191 Priamo
582 2160 732 2191 seruata
762 2165 900 2203 parum
921 2184 929 2191 .
985 2154 1040 2191 sic
1071 2155 1154 2204 ipsa
1185 2139 1359 2205 volebat,

342 2211 399 2249 Ex
432 2224 507 2261 quo
539 2210 681 2250 iudicio
714 2212 837 2249 forma
868 2213 1013 2249 revicta
1045 2223 1114 2250 sua
1146 2217 1228 2250 est.

286 2269 382 2318 [Seu
415 2281 537 2319 genus
568 2269 751 2321 Adrasti,
785 2281 854 2308 seu
886 2270 1002 2308 furtis
1033 2276 1146 2321 aptus
1181 2268 1330 2320 Ulixes,

345 2327 421 2366 Seu
453 2329 540 2378 pius
572 2328 721 2366 Aeneas
754 2329 944 2378 eripuisse
977 2326 1136 2376 serunt]
