1570 2527
175 128 259 169 342
713 129 967 162 FASTORUM

348 237 392 276 In
425 236 546 275 multo
579 248 654 274 nox
687 242 747 275 est
776 236 1002 288 pervigilata
1032 248 1164 277 mero·

290 295 338 334 Hi
371 301 516 334 temere
550 294 732 333 errabant
762 296 803 333 in
834 307 975 346 opacae
1007 294 1169 334 vallibus
1200 294 1311 346 Idae,

349 353 444 391 Pars
476 354 577 391 iacet
608 358 647 391 et
678 352 784 391 molli
814 355 987 403 gramine
1019 352 1192 391 membra
1223 353 1342 405 levat,

291 410 340 449 Hi
371 410 536 461 ludunt,
567 409 638 449 hos
671 423 830 450 somnus
862 411 1006 463 habet3
1037 422 1127 462 pars
1158 411 1315 450 brachia
1347 413 1468 451 nectit

204 478 272 509 330
351 468 401 508 Et
431 469 593 508 viridem
626 469 744 508 celeri
776 475 836 508 ter
868 469 966 520 pede
997 469 1125 520 pulsat
1154 468 1340 508 humum.

291 527 406 566 Vesta
438 529 539 566 iacet
569 526 835 578 placidamque
867 529 972 579 capit
1003 538 1143 566 secura
1173 528 1368 579 quietem,

353 585 463 624 Sicut
495 591 606 638 erat,
638 588 807 637 positum
841 587 1011 637 caespite
1043 585 1139 624 fulta
1171 590 1310 636 caput.

292 644 340 683 At
371 643 491 683 ruber
522 644 726 683 hortorum
758 650 889 683 custos
921 643 1186 695 nymphasque
1218 643 1388 694 deasque

352 701 487 753 Captat
505 734 516 754 ,
549 708 587 741 et
618 707 795 741 errantes
827 703 979 753 fertque
1012 703 1211 752 refertque
1246 702 1388 753 pedes.

207 769 274 800 335
307 761 456 812 Aspicit
488 767 527 799 et
558 760 711 799 Vestam
731 791 739 799 .
795 760 956 800 dubium
975 791 986 812 ,
1017 760 1277 812 nymphamne
1307 761 1475 811 putarit,

354 820 412 858 An
445 820 579 858 scierit
610 818 793 871 Vestam3
825 821 946 858 scisse
979 819 1046 858 sed
1077 820 1160 870 ipse
1193 825 1329 869 negat.

294 877 411 928 Spem
443 879 545 928 capit
576 877 809 928 obscenam,
850 879 1061 927 furtimque
1100 876 1286 916 accedere
1321 881 1505 929 temptat,

350 935 400 974 Et
431 936 507 974 fert
538 947 750 987 suspensos
782 935 898 974 corde
930 937 1097 974 micante
1128 934 1294 985 gradus.

293 994 409 1032 Forte
442 1006 589 1045 senex,
623 1006 699 1044 quo
732 999 866 1032 vectus
900 999 1010 1045 erat,
1043 993 1197 1031 Silenus
1230 992 1392 1032 asellum

206 1060 274 1091 340
352 1051 538 1103 Liquerat
569 1052 615 1090 ad
648 1053 751 1102 ripas
784 1052 869 1090 lene
901 1053 1074 1090 sonantis
1107 1062 1251 1101 aquae.

293 1110 404 1162 Ibat,
436 1116 480 1149 ut
510 1112 702 1161 inciperet
732 1110 837 1160 longi
869 1109 965 1148 deus
996 1109 1261 1161 Hellesponti,

352 1168 629 1219 Intempestivo
662 1179 750 1206 cum
782 1168 889 1206 rudit
918 1167 981 1206 ille
1014 1179 1131 1206 sono.

293 1227 446 1266 Territa
476 1238 570 1265 voce
602 1228 707 1277 gravi
740 1228 865 1277 surgit
895 1226 993 1278 dea3
1027 1225 1203 1264 convolat
1234 1225 1360 1263 omnis

353 1284 512 1336 Turba,
544 1297 614 1336 per
646 1285 806 1323 infestas
839 1285 974 1334 effugit
1004 1283 1068 1322 ille
1100 1295 1259 1322 manus.

206 1351 273 1382 345
309 1342 562 1394 [Lampsacus
595 1343 668 1381 hoc
700 1342 839 1381 animal
871 1342 982 1381 solita
1015 1348 1074 1381 est
1105 1347 1273 1380 mactare
1305 1340 1468 1392 Priapo:

352 1402 449 1453 Apta
482 1403 578 1439 asini
611 1402 774 1439 flammis
806 1401 944 1440 indicis
979 1406 1066 1439 exta
1097 1399 1233 1438 damus
1248 1398 1274 1449 .]

294 1459 418 1505 Quem
450 1465 492 1498 tu
512 1491 522 1511 ‚
555 1460 669 1511 diva,
702 1471 850 1498 memor
882 1459 929 1498 de
961 1471 1060 1511 pane
1091 1457 1300 1496 monilibus

1018 1528 1157 1568 ornas,
1434 1524 1506 1555 (206)

354 1576 488 1615 Cessat
520 1588 618 1627 opus
637 1607 647 1627 ,
680 1588 820 1615 vacuae
853 1577 1078 1614 conticuere
1110 1574 1257 1613 molae.

294 1635 488 1687 Nomine,
522 1646 637 1685 quam
669 1634 769 1673 ferto
787 1666 798 1686 ‚
831 1634 1063 1673 celebratior
1095 1645 1184 1672 arce
1215 1632 1401 1671 Tonantis

208 1701 275 1732 350
356 1692 516 1744 Dicam,
550 1692 714 1731 Pistoris
747 1692 838 1743 quid
870 1692 961 1731 velit
992 1704 1055 1731 ara
1087 1691 1208 1730 Iovis.

296 1751 430 1789 Cincta
461 1750 739 1802 premebantur
770 1750 948 1789 trucibus
980 1749 1165 1801 Capitolia
1197 1747 1338 1788 Gallis:

353 1808 517 1848 Fecerat
547 1808 697 1846 obsidio
729 1809 805 1846 iam
837 1808 1020 1846 diuturna
1052 1809 1213 1846 famem.

298 1867 472 1918 luppiter
490 1898 501 1919 ,
533 1867 578 1905 ad
612 1866 751 1904 solium
784 1867 937 1917 superis
969 1865 1097 1916 regale
1128 1864 1297 1915 vocatis,

356 1922 511 1976 eIncipe
531 1922 561 1963 1'
594 1926 647 1963 ait
677 1924 818 1963 Marti.
874 1925 1053 1975 protinus
1084 1922 1148 1961 ille
1181 1922 1324 1961 refert:

211 1991 278 2024 355
301 1981 480 2022 ‘Scilicet
511 1984 687 2034 ignotum
719 1988 806 2033 est,
839 1994 937 2033 quae
970 1983 1021 2020 sit
1051 1981 1207 2020 fortuna
1237 1992 1436 2032 meorum,

354 2042 404 2081 Et
435 2041 544 2080 dolor
575 2041 639 2079 hic
671 2041 789 2079 animi
820 2053 914 2079 voce
946 2041 1146 2091 querentis
1178 2044 1287 2089 eget.

299 2100 340 2139 Si
371 2105 499 2138 tamen
518 2131 528 2151 ,
560 2105 605 2138 ut
635 2100 803 2138 reseram
834 2099 1004 2138 breviter
1036 2097 1296 2136 mala-iuncta
1325 2095 1487 2147 pudori,

356 2158 516 2208 Exigis:
561 2157 698 2209 Alpino
730 2157 850 2196 Roma
883 2156 955 2195 sub
987 2156 1108 2194 hoste·
1129 2156 1251 2194 iacet.

298 2216 402 2255 Haec
434 2221 522 2267 est,
556 2218 619 2254 cui
650 2216 777 2254 fuerat
807 2216 999 2266 promissa
1030 2214 1202 2265 potentia
1233 2224 1391 2264 rerum,

211 2283 278 2315 360
358 2274 532 2326 Iuppiter
552 2272 572 2312 ἱ)
616 2274 714 2312 hanc
745 2275 862 2312 terris
893 2274 1147 2324 impositurus
1179 2268 1299 2310 eras‘?

299 2332 455 2384 Iamque
489 2331 735 2371 suburbanos
767 2331 1008 2382 Etruscaque
1041 2328 1218 2369 contudit
1247 2340 1375 2368 arma.
