1570 2527
159 76 191 111 X

161 188 246 225 cato
280 188 376 236 537,
408 190 477 226 aut
509 187 694 225 Tiberino
727 189 767 226 et
800 187 948 226 Glauco
975 188 1234 238 Anthedonio,
1267 189 1364 237 514,
1397 189 1493 237 556,

159 246 225 294 qui
258 245 320 283 dei
349 246 456 293 facti,
488 248 557 283 aut
587 245 796 283 mulierum
829 247 1005 295 exempla
1036 247 1172 285 multa.

278 304 469 352 Pleraque
496 305 591 341 haec
623 303 846 352 antiquiora
877 307 968 342 sunt
1000 305 1168 354 scholiis,
1199 317 1220 343 e
1245 317 1410 354 quorum
1435 304 1492 342 in—

161 362 276 410 eptiis
308 362 458 400 fraudis
490 362 681 400 latissime
712 362 790 400 iam
821 363 1039 412 grassantis
1071 363 1184 413 quasi
1208 363 1381 401 recinere
1407 374 1494 401 can-

160 420 321 458 tilenam
363 420 478 458 facile
520 420 737 469 suspiceris.
811 421 876 459 vix
913 423 1045 459 tamen
1082 422 1124 459 in
1161 421 1343 460 carminis
1379 433 1492 470 para-

161 478 245 516 dosi
276 479 450 516 insaniae
482 478 606 527 illius,
647 490 723 527 qua
753 479 911 517 fabulae
942 479 1143 528 finguntur
1168 482 1208 518 et
1237 491 1374 518 versus
1404 491 1492 528 pro-

161 537 368 585 cuduntur,
400 536 568 585 vestigia
600 539 790 585 apparent
821 539 979 585 praeter
1011 537 1237 585 scripturas,
1267 538 1379 575 velut
1409 539 1492 575 499

162 597 258 643 539,
291 598 330 633 et
361 596 530 633 fortasse
560 595 719 632 nomina
750 594 943 644 quaedam
974 595 1140 633 fallaciis
1171 594 1250 633 illis
1276 594 1495 633 adcommo-

162 653 270 691 data:
303 654 406 691 inter
436 653 590 690 fabulas
623 653 889 702 ignotissimas
910 662 1006 691 XXX
1036 654 1146 691 nulla
1177 655 1249 702 est,
1281 665 1380 702 quae
1413 653 1493 691 elo-

161 711 327 749 cutionis
347 712 528 749 barbarie
542 712 708 760 laboret,
730 720 967 760 quamquam
988 713 1069 750 461
1093 713 1133 749 et
1153 712 1235 750 475
1253 711 1494 750 Schraderus

161 770 448 818 proscribebat,
487 770 519 808 si
557 770 603 807 de
638 767 746 808 Τένεὲ
777 771 861 808 434
895 772 934 807 et
964 768 1142 808 Proteum
1174 771 1255 808 517
1296 770 1494 818 suspican-

162 829 254 866 dum
293 828 360 877 sit,
403 840 481 865 non
525 830 616 866 sunt
659 831 763 866 certe
807 829 965 866 fabulae
1009 828 1181 866 fictitiae.
1257 828 1496 866 scholiorum

163 889 335 924 aetatem
366 886 546 936 misius,
580 886 874 924 strenuissimus
906 887 1189 925 inaccessorum
1223 886 1494 936 investigator,

161 945 351 983 indicavit
400 945 599 983 saeculmn
649 945 846 995 quintum,
902 946 1011 982 cuius
1062 945 1229 993 exempli
1275 944 1496 995 Vergilium

161 1003 463 1052 grammaticum
494 1016 564 1052 per
601 1004 646 1041 A.
680 1004 825 1040 Maium
860 1003 1059 1052 cognitum
1096 1004 1297 1041 habemus.
1370 1016 1495 1052 neque

163 1061 269 1099 aliud
294 1062 449 1099 invenio
475 1064 643 1110 tempus,
677 1074 751 1111 quo
776 1062 908 1110 potius
935 1065 1240 1100 consentaneum
1267 1062 1320 1099 sit
1337 1065 1496 1112 gestum

163 1132 267 1169 esse,
310 1120 411 1169 quod
453 1132 572 1168 supra
608 1120 844 1169 indicabam,
888 1122 932 1158 ut
973 1121 1172 1169 exemplar
1208 1133 1329 1158 unum
1367 1119 1496 1159 Ovidii

163 1179 387 1227 haberetur,
420 1178 498 1216 situ
530 1179 723 1225 affectum,
761 1178 864 1227 quod
896 1191 983 1217 cum
1015 1191 1062 1216 ex
1093 1178 1180 1216 aliis
1213 1178 1390 1227 suppleri
1418 1190 1498 1216 non

162 1237 353 1285 potuerit,
391 1248 514 1274 novae
551 1237 865 1285 interpolationis
898 1249 1056 1275 causam
1087 1236 1259 1285 dederit,
1296 1239 1381 1274 tum
1413 1237 1496 1286 qui-

164 1295 252 1332 dem
289 1295 528 1344 ineruditae,
566 1297 610 1332 ut
648 1298 757 1333 aetas
791 1298 891 1344 erat,
931 1295 998 1333 sed
1034 1295 1152 1344 paulo
1185 1295 1425 1344 elegantiore
1457 1297 1498 1333 et

162 1353 288 1402 poetis
333 1354 433 1391 sexti
475 1353 539 1391 vel
583 1354 740 1402 septimi
781 1353 926 1392 saeculi
969 1353 1087 1403 digna
1130 1353 1323 1401 insecuta,
1368 1354 1414 1391 ut
1452 1365 1498 1391 ea

162 1414 325 1460 propter
357 1425 379 1449 a
410 1411 546 1460 quinto
580 1414 759 1459 coeptam
791 1415 974 1450 statuam.

283 1469 389 1515 Quae
427 1470 550 1520 igitur
588 1471 678 1507 ante
711 1482 807 1508 saec.
841 1483 866 1508 v
903 1470 944 1506 in
973 1469 1084 1507 Ibide
1121 1469 1361 1518 interpolata
1392 1471 1495 1513 sunt,

167 1540 211 1566 eo
243 1529 328 1567 loco
361 1528 495 1566 licebit
520 1528 752 1577 habeantur,
784 1541 860 1577 quo
886 1528 1105 1566 vetustiora
1130 1527 1498 1577 Metamorphoseon

165 1587 448 1635 supplementa.
522 1588 688 1636 utraque
731 1598 754 1624 a
796 1586 974 1635 genuinis
1013 1586 1108 1624 satis
1145 1598 1262 1634 aegre
1299 1585 1497 1623 interdum

164 1645 448 1693 discernuntur,
474 1644 589 1693 idque
609 1644 815 1692 praecipue
836 1644 876 1681 in
895 1644 1014 1682 Ibide.
1087 1643 1128 1680 in
1153 1644 1352 1681 Metamm.
1380 1656 1496 1693 quae-

166 1703 257 1741 dam
283 1703 465 1741 cancellis
490 1703 620 1740 notari
644 1704 829 1750 poterant
854 1702 903 1740 ad
928 1701 1153 1740 indicandos
1178 1703 1379 1751 terminos,
1405 1703 1498 1741 arti—

165 1762 241 1800 ficii
272 1773 396 1811 genus
429 1763 469 1799 et
502 1761 693 1810 originem
724 1760 1050 1809 interpolationis,
1088 1762 1157 1798 aut
1187 1761 1378 1809 pristinae
1411 1773 1494 1799 ora-

164 1820 282 1858 tionis
308 1820 640 1858 continuationem
674 1821 714 1856 et
746 1821 922 1857 tenorem
949 1818 1181 1856 sistendum:
1212 1819 1255 1856 in
1278 1819 1390 1857 Ibide
1415 1819 1497 1857 eius

165 1878 271 1916 modi
301 1878 399 1915 nihil
430 1891 552 1927 prope
583 1879 654 1926 est,
686 1876 789 1926 quod
821 1877 916 1915 satis
947 1889 1018 1926 per
1054 1889 1096 1915 se
1127 1878 1280 1926 pateat3
1321 1877 1497 1916 distichis

167 1937 297 1975 omnia
328 1936 576 1975 definiuntur.
648 1935 715 1973 sed
746 1935 945 1973 commode
977 1935 1400 1985 aMetamorphosibus
1418 1935 1497 1974 Ibi-

167 1995 224 2032 dis
262 1995 516 2033 Ponticorum
551 1994 761 2032 Fastorum
804 1993 976 2032 condicio
1016 1994 1055 2031 in
1096 1994 1168 2032 hoc
1206 1994 1352 2043 differt,
1395 1994 1499 2043 quod

167 2065 265 2102 quae
303 2042 343 2090 in
380 2054 439 2091 his
477 2055 568 2102 post
599 2053 796 2091 saeculum
827 2053 1007 2102 quintum
1040 2053 1202 2091 accessit
1232 2052 1498 2102 interpolatio,

167 2124 189 2149 a
219 2111 436 2149 vetustiore
467 2111 525 2149 ita
556 2113 807 2162 segregatur,
839 2113 884 2149 ut
914 2111 1010 2149 haec
1042 2113 1147 2149 certe
1172 2123 1281 2160 pars,
1312 2122 1392 2149 non
1417 2111 1497 2159 opi-

167 2169 294 2208 nionis
315 2170 445 2219 aliquo
466 2169 641 2218 arbitrio,
663 2169 731 2208 sed
750 2169 939 2207 librorum
959 2171 1028 2207 aut
1047 2169 1272 2207 testimonio
1293 2170 1363 2207 aut
1376 2168 1497 2206 admi-

166 2229 311 2277 niculo,
350 2228 530 2266 cancellis
567 2228 748 2277 insigniri
779 2228 965 2277 potuerit.
1037 2227 1077 2265 id
1108 2227 1300 2277 quomodo
1333 2227 1499 2277 simplici
1556 2264 1561 2268 .

168 2289 305 2325 una'et
324 2298 370 2324 ex
388 2287 597 2336 propatulo
614 2286 885 2325 observatione
907 2286 1086 2324 effectum
1102 2286 1163 2335 sit,
1183 2298 1284 2325 nunc
1297 2297 1496 2336 exponam.
