1570 2527
170 128 251 170 148
717 130 781 162 Ex
805 129 963 162 ΡοΝΤο

283 237 405 290 Mite,
437 237 505 277 sed
537 239 680 276 iratum
712 239 851 276 merito
884 238 1008 289 mihi,
1042 250 1188 278 numen
1220 239 1360 293 adora,

343 295 495 335 Eximat
526 301 570 334 ut
603 295 775 347 Scythici
807 307 868 334 me
901 296 1054 335 feritate
1087 297 1190 335 loci.

284 354 448 393 Difficile
481 360 569 405 est,
601 354 725 392 fateor
745 383 755 393 .
809 354 878 393 sed
911 354 1035 393 tendit
1065 356 1106 393 in
1137 355 1258 394 ardua
1289 357 1441 409 virtus,

342 412 392 451 Et
422 411 509 451 talis
541 413 671 451 meriti
702 414 824 463 gratia
855 414 978 451 maior
1010 414 1106 452 erit.

199 478 264 509 115
284 470 364 509 Nec
396 476 527 509 tamen
558 470 752 510 Aetnaeus
785 476 892 509 vasto
924 470 1184 522 Polyphemus
1215 473 1257 511 in
1288 478 1399 512 antro

341 529 517 580 Accipiet
546 540 661 568 voces
694 528 970 580 Antiphatesve
1003 534 1113 568 tuas:

286 586 362 626 Sed
394 586 568 638 placidus
601 587 803 637 facilisque
835 599 976 638 parens
1008 588 1221 638 veniaeque
1253 594 1434 641 paratus,

344 644 395 683 Et
426 646 494 696 qui
524 645 711 684 fulmineo
744 657 860 697 saepe
892 647 976 684 sine
1007 647 1096 696 igne
1128 651 1259 685 tonat.

286 703 361 749 Qui
395 715 483 742 cum
515 705 628 742 triste
661 704 806 754 aliquid
838 705 1002 755 statuit,
1034 704 1077 742 fit
1107 705 1232 743 tristis
1264 711 1304 743 et
1334 706 1441 756 ipse,

198 769 263 800 120
343 761 493 812 Cuique
525 762 607 801 fere
639 774 804 813 poenam
837 774 992 801 sumere
1024 773 1150 813 poena
1180 775 1250 801 sua
1282 768 1364 803 est.

283 819 392 859 Victa
423 828 554 859 tamen
585 822 679 860 vitio
712 827 772 859 est
802 820 920 859 huius
951 820 1155 859 clementia
1187 826 1348 873 nostro,

341 878 456 917 Venit
486 885 526 917 et
556 879 603 918 ad
635 880 737 918 vires
768 881 826 917 ira
858 884 990 917 coacta
1023 890 1136 917 suas.

284 936 360 983 Qui
391 938 573 987 quoniam
605 939 730 989 patria
763 942 842 976 toto
875 949 1010 975 sumus
1043 936 1136 975 orbe
1167 938 1334 989 remoti,
1443 945 1498 978 (44)

340 994 420 1034 Nec
452 995 544 1035 licet
574 1002 662 1034 ante
695 997 800 1047 ipsos
832 994 1090 1046 procubuisse
1123 995 1239 1047 deos,

198 1061 262 1091 125
284 1053 391 1099 Quos
423 1053 517 1092 colis
535 1084 547 1105 ,
585 1054 631 1092 ad
665 1065 828 1105 superos
859 1053 954 1092 haec
992 1053 1051 1092 ser
1083 1053 1262 1092 mandata
1293 1052 1498 1093 sacerdos:

341 1111 447 1150 Adde
479 1112 547 1151 sed
580 1118 620 1150 et
650 1113 828 1163 proprias
859 1112 905 1150 ad
938 1122 1022 1149 mea
1054 1110 1172 1150 verba
1202 1123 1364 1162 preces.

283 1169 347 1209 Sic
379 1175 509 1208 tamen
540 1169 636 1209 haec
667 1176 813 1221 tempta
832 1201 842 1221 ‚
875 1171 908 1208 si
939 1180 1017 1208 non
1051 1171 1230 1208 nocitura
1260 1169 1439 1221 putabis.

341 1227 551 1279 Ignosces.
609 1229 727 1267 timeo
760 1227 970 1278 naufragus
1003 1239 1117 1267 omne
1147 1228 1317 1268 fretum.

786 1355 871 1402 III.

283 1459 446 1499 Maxime
466 1492 476 1512 ‚
509 1462 577 1511 qui
609 1460 723 1499 claris
755 1471 898 1498 nomen
929 1459 1140 1499 virtutibus
1172 1471 1340 1513 aequaS‚

342 1518 424 1558 Nec
456 1520 551 1557 sinis
582 1520 783 1570 ingenium
814 1517 1014 1556 nobilitate
1045 1520 1195 1571 premi,

285 1576 396 1616 Culte
438 1576 532 1615 mihi
564 1598 608 1604 —
642 1576 734 1627 quid
777 1578 880 1615 enim
921 1581 1044 1615 status
1088 1576 1151 1615 hic
1192 1588 1214 1615 a
1253 1577 1390 1616 funere

1011 1632 1175 1674 differt?
1207 1656 1252 1662 —

343 1692 578 1744 Supremum
609 1694 709 1731 vitae
741 1699 896 1743 tempus
928 1692 1102 1743 adusque
1128 1704 1260 1733 meae:

250 1759 269 1789 5
290 1749 385 1789 Rem
418 1751 512 1789 facis
531 1781 542 1802 ‚
574 1750 759 1789 afflictum
791 1762 869 1788 non
901 1756 1100 1789 aversatus
1132 1752 1323 1803 amicum,

342 1807 425 1853 Qua
457 1820 535 1846 non
567 1814 627 1847 est
657 1820 749 1847 aevo
781 1809 907 1846 rarior
938 1807 1015 1846 ulla
1045 1814 1112 1848 tuo
1131 1839 1139 1848 .

282 1865 413 1917 Turpe
440 1866 598 1917 quidem
624 1866 753 1917 dictu,
786 1866 854 1905 sed
875 1888 917 1892 —
950 1868 984 1904 si
1009 1866 1121 1905 modo
1148 1878 1239 1906 vera
1264 1868 1431 1908 fatemur
1453 1891 1494 1895 —

342 1923 486 1976 Vulgus
519 1925 706 1963 amicitias
738 1924 903 1963 utilitate
935 1924 1097 1975 prohat.

283 1982 413 2034 Cura,
451 1983 544 2033 quid
581 1982 788 2034 expediat,
820 1983 929 2034 prius
968 1989 1053 2034 est,
1095 1995 1210 2034 quam
1249 1984 1343 2036 quid
1380 1985 1431 2024 sit

1007 2041 1238 2090 honestum,

220 2108 263 2138 10
343 2098 392 2138 Et
422 2111 512 2138 cum
543 2100 699 2139 fortuna
730 2104 882 2150 statque
915 2098 1095 2150 caditque
1127 2100 1246 2139 fides.

286 2156 365 2196 Nec
396 2157 508 2196 facile
540 2159 712 2197 invenias
744 2157 876 2196 multis
907 2158 947 2196 in
979 2157 1134 2197 milibus
1165 2169 1311 2210 unum,

341 2215 534 2254 Virtutem
565 2218 735 2268 pretium
768 2218 835 2267 qui
866 2221 977 2267 putet
1008 2227 1093 2255 esse
1127 2218 1214 2256 sui.

285 2273 370 2326 lpse
402 2273 544 2325 decor,
575 2279 682 2314 recte
715 2274 806 2313 sacti
837 2275 870 2313 si
899 2276 1071 2326 praemia
1103 2275 1256 2324 desint,

343 2331 428 2370 Non
458 2339 615 2384 movet,
647 2338 685 2372 et
716 2334 836 2384 gratis
867 2334 1038 2384 paenitet
1070 2344 1154 2372 esse
1186 2332 1376 2385 probum.
