1570 2527
582 104 608 136 I.
637 111 684 136 111
705 105 825 137 89*v
845 105 878 136 2.
1318 105 1399 146 131

233 210 309 257 Qui
341 213 403 250 vix
435 211 659 250 Thessaliae
691 211 768 250 fine
801 211 998 251 timendus
1030 218 1134 252 erat.

174 269 352 310 Caesaris
384 271 442 309 ira
474 269 569 308 mihi
601 271 769 321 nocuit,
802 282 920 321 quem
952 271 1044 310 solis
1076 271 1123 310 ab
1155 278 1244 311 ortu

109 337 153 368 30
234 328 335 367 Solis
367 328 414 367 ad
447 339 610 367 occasus
643 334 810 379 utraque
841 335 948 368 terra
979 331 1134 369 tremit.

175 385 366 437 [iunctior
398 386 612 426 Haemonia
644 392 704 426 est
735 386 888 440 Ponto⁷
928 400 1044 439 quam
1076 388 1197 428 Roma
1236 390 1287 428 sit

906 446 1062 499 Histr03

233 503 284 543 Et
313 504 474 544 brevius
492 535 504 556 ‚
537 516 653 555 quam
684 517 757 543 nos
774 536 786 557 ,
818 505 881 543 ille
914 507 1066 556 peregit
1096 507 1172 545 iter
1188 505 1214 556 .]

174 562 242 602 Ille
273 562 412 602 habuit
444 564 608 601 comites
641 564 790 614 primos
822 563 974 603 telluris
1006 564 1197 603 Achivae:
1341 572 1399 606 (²⁷)

231 622 280 660 At
311 627 487 660 nostram
519 623 653 660 cuncti
685 621 899 661 destituere
932 623 1084 674 fugam.

108 687 152 719 35
172 679 252 719 Nos
285 680 413 731 fragili
443 680 548 731 ligno
581 685 734 719 vastum
767 681 1001 720 sulcavimus
1035 693 1206 733 aequor:

233 737 339 784 Quae
372 738 462 778 tulit
492 738 714 777 Aesoniden
734 770 744 790 ‚
778 739 898 778 densa
930 742 1062 778 carina
1094 740 1190 779 suit.

171 796 254 836 Nec
284 796 381 835 mihi
412 796 559 848 Tiphys
592 803 676 836 erat
707 803 838 836 rector
857 829 868 849 ‚
901 810 974 837 nec
1006 799 1186 849 Agenore
1218 805 1332 838 natus

231 855 336 902 Quas
369 856 575 907 sugerem,
608 855 764 907 docuit,
798 868 894 907 quas
927 868 1195 909 sequererque
1228 859 1331 896 vias.

172 914 284 954 Illum
317 919 441 953 tutata
474 919 534 953 est
566 926 656 953 cum
687 914 842 953 Pallade
873 916 980 966 regia
1011 914 1133 955 Iuno:

106 981 152 1013 40
232 973 451 1012 Defendere
483 985 614 1012 meum
647 975 808 1012 numina
840 973 945 1012 nulla
978 980 1117 1025 caput.

170 1031 284 1072 Illum
316 1032 482 1071 furtivae
515 1034 649 1071 iuvere
683 1031 888 1083 Cupidinis
920 1038 1048 1085 artes3

231 1091 336 1138 Quas
367 1103 387 1130 a
420 1103 482 1130 me
514 1090 652 1130 vellem
684 1103 763 1129 non
796 1090 1001 1130 didicisset
1031 1091 1172 1130 Amor.

172 1150 240 1189 Ille
273 1150 432 1189 domum
463 1149 609 1189 rediit:
641 1162 713 1188 nos
745 1149 807 1188 his
838 1151 1054 1189 moriemur
1086 1152 1126 1189 in
1159 1151 1284 1201 arvis,

231 1209 456 1248 Perstiterit
487 1209 581 1247 laesi
613 1210 647 1247 si
678 1209 805 1259 gravis
837 1210 896 1247 ira
928 1208 1013 1248 dei.

107 1276 150 1306 45
172 1267 317 1307 Durius
349 1273 410 1306 est
440 1269 561 1317 igitur
593 1273 772 1306 nostrum
791 1298 802 1319 ‚
834 1267 1021 1306 fidissima
1054 1268 1250 1319 coniunx,

230 1326 298 1365 Illo
319 1357 330 1378 ‚
363 1326 465 1378 quod
501 1325 622 1365 subiit
653 1326 806 1365 Aesone
838 1331 952 1365 natus
971 1357 982 1377 ‚
1014 1337 1137 1365 onus.

171 1384 227 1424 Te
260 1397 446 1437 quoque,
485 1397 600 1436 quam
638 1386 820 1424 iuvenem
856 1384 1062 1423 discedens
1093 1383 1199 1423 Urbe
1231 1383 1397 1435 reliqui,

233 1443 429 1483 Credibile
462 1451 522 1482 est
552 1445 700 1482 nostris
732 1445 954 1482 insenuisse
988 1442 1119 1482 malis.

173 1501 228 1542 O!
261 1513 362 1554 ego,
396 1502 435 1541 di
466 1502 610 1541 faciant
629 1534 639 1553 ,
671 1502 786 1541 talem
818 1508 856 1540 te
890 1514 1053 1541 cernere
1084 1502 1256 1553 possim,

109 1569 152 1600 50
233 1560 409 1611 Caraque
442 1562 601 1600 mutatis
634 1560 767 1599 oscula
798 1561 903 1600 ferre
936 1562 1082 1612 comis3

172 1619 444 1671 Amplectique
476 1621 575 1659 meis
608 1631 752 1670 corpus
784 1631 863 1658 non
894 1620 1040 1671 pingue
1072 1619 1255 1669 lacertis,

231 1677 282 1717 Et
313 1675 471 1729 egracile
504 1678 577 1717 hoc
610 1675 719 1718 fecit'
753 1678 884 1717 dicere
917 1675 1027 1717 ‘cura
1058 1675 1174 1716 meiz'

174 1736 225 1776 Et
255 1749 415 1776 narrare
447 1749 557 1776 meos
588 1736 698 1776 flenti
729 1737 828 1776 ssens
859 1738 944 1788 ipse
975 1736 1153 1788 labores,

235 1795 399 1847 Sperato
432 1808 648 1846 numquam
680 1795 969 1847 conloquioque
1003 1796 1105 1847 frui,

108 1862 152 1894 55
174 1853 358 1906 Turaque
391 1854 623 1894 Caesaribus
657 1867 746 1894 cum
779 1856 946 1906 coniuge
980 1854 1145 1894 Caesare
1179 1855 1319 1907 digna,

232 1912 299 1952 Dis
330 1914 435 1952 veris
453 1945 464 1966 ,
496 1915 662 1952 memori
693 1913 824 1952 debita
855 1913 960 1952 ferre
993 1913 1133 1953 manu!
1345 1922 1400 1955 (18)

173 1970 391 2010 Memnonis
422 1971 522 2011 hanc
554 1973 703 2011 utinam
723 2003 734 2024 ‚
765 1972 886 2010 lenito
918 1973 1098 2023 principe
1116 2002 1127 2022 ,
1159 1978 1285 2012 mater

234 2029 359 2076 Quam
390 2031 560 2082 primum
593 2043 707 2070 roseo
740 2036 927 2082 provocet
959 2042 1027 2069 ore
1060 2029 1182 2070 diem!

698 2158 754 2206 V.

173 2263 241 2303 Ille
273 2270 363 2304 tuos
397 2265 592 2317 quondam
624 2277 703 2304 non
734 2264 897 2303 ultimus
928 2265 1032 2303 inter
1064 2265 1234 2317 amicos,

232 2322 283 2362 Ut
314 2335 384 2363 sua
417 2324 534 2363 verba
565 2324 698 2375 legas,
736 2322 900 2362 Maxime
919 2354 930 2374 ‚
962 2322 1063 2362 Naso
1095 2330 1228 2374 rogat.

1138 2389 1186 2424 9*

938 2200 955 2219 ὓ
