1570 2527
587 117 647 148 iv.
674 117 870 149 695—763.
1309 110 1395 152 305

179 224 294 264 Certe
326 236 396 275 ego
429 223 609 263 transilui
640 224 786 274 positas
818 229 878 262 ter
909 224 948 261 in
982 221 1118 260 ordine
1150 220 1347 271 flammas,

233 282 394 334 Udaque
427 289 577 321 roratas
610 282 740 320 laurea
774 283 879 320 misit
911 292 1052 332 aquas.

174 341 275 380 Mota
308 341 379 380 dea
412 346 499 393 est,
532 342 720 392 operique
754 340 882 379 favet.
940 337 1138 378 navalibus
1171 339 1233 376 exi

89 408 156 440 730
236 398 411 451 Puppis!
456 399 600 438 habent
631 405 767 437 ventos
799 400 875 437 iam
907 409 992 436 mea
1024 397 1107 435 vela
1138 408 1252 435 suos.

177 459 213 511 l,
246 465 335 510 pete
368 460 568 510 virginea,
602 457 768 509 populus
788 488 798 508 ,
831 457 1013 496 suffimen
1046 455 1092 494 ab
1125 466 1213 506 ara,

234 517 349 556 Vesta
382 517 515 566 dabit,
547 516 685 555 Vestae
717 528 880 555 munere
913 526 1035 566 purus
1068 515 1168 552 eris.

180 576 345 626 Sanguis
378 577 468 627 equi
501 575 682 614 suffimen
715 576 790 614 erit
821 574 1009 625 vitulique
1043 572 1190 622 favilla,

236 634 368 673 Tertia
400 646 464 673 res
496 634 616 673 durae
649 633 803 672 culmen
835 635 949 671 inane
982 631 1113 670 fabae.

89 701 156 734 ’135
178 693 342 744 Pastor,
375 705 465 731 oves
498 699 649 732 saturas
682 692 728 730 ad
761 693 885 743 prima
917 689 1148 742 crepuscula
1179 688 1325 727 lustra:

236 751 347 790 Unda
376 753 488 802 prius
521 758 703 802 spargat,
736 752 921 801 virgaque
955 755 1084 788 verrat
1114 747 1299 798 humum,

177 810 400 849 Frondibus
433 816 472 848 et
504 810 588 848 fixis
621 810 858 848 decorentur
891 808 1001 846 ovilia
1036 808 1175 857 ramis,

236 869 286 907 Et
318 875 422 919 tegat
453 874 608 906 ornatas
641 868 754 918 longa
786 879 930 905 corona
964 867 1089 904 foreS.

177 926 355 966 Caerulei
387 927 480 965 fiant
511 927 595 964 vivo
628 925 676 964 de
709 925 868 976 sulpure
902 926 1020 972 fumi,

90 994 159 1026 ’740
238 986 434 1036 Tactaque
467 985 633 1023 fumanti
665 983 825 1035 sulpure
858 983 961 1021 balet
993 983 1097 1021 ovis.

178 1044 255 1083 Ure
287 1056 415 1083 mares
447 1043 550 1082 oleas
583 1042 812 1093 taedamque
843 1041 1063 1092 herbasque
1097 1039 1282 1091 Sabinas,

237 1102 286 1141 Et
317 1109 452 1154 crepet
483 1103 522 1140 in
555 1101 693 1140 mediis
724 1101 858 1140 laurus
890 1100 1026 1139 adusta
1059 1100 1176 1138 focis.

177 1160 351 1212 Libaque
383 1160 430 1199 de
464 1159 569 1198 milio
601 1160 697 1199 milii
728 1158 871 1198 fiscella
904 1164 1116 1209 sequetur:

237 1220 397 1258 Rustica
428 1220 639 1270 praecipue
672 1224 731 1256 est
762 1218 836 1256 hoc
869 1217 939 1256 dea
970 1217 1070 1255 laeta
1102 1215 1212 1255 cibo.

89 1288 157 1318 745
178 1278 285 1317 Adde
318 1278 436 1329 dapes
468 1277 754 1327 mulctramque
786 1287 904 1327 suas,
936 1275 1178 1326 dapibusque
1211 1275 1376 1313 resectis

239 1336 459 1375 Silvicolam
492 1335 621 1387 tepido
655 1335 752 1374 lacte
785 1346 946 1386 precare
980 1333 1118 1372 Palen.

181 1391 391 1435 ‘Consule'
425 1395 485 1434 dic
519 1391 673 1445 ‘pecori
704 1395 850 1445 pariter
882 1394 1116 1444 pecorisque
1150 1392 1369 1443 magistris:

239 1454 406 1505 Effugiat
438 1452 601 1492 stabulis
634 1465 734 1491 noxa
766 1451 921 1503 repulsa
954 1453 1072 1490 meis.

180 1514 267 1552 Sive
301 1524 411 1551 sacro
443 1514 558 1563 pavi,
591 1510 721 1550 sedive
754 1510 826 1549 sub
860 1509 997 1549 arbore
1031 1521 1163 1561 sacra,

89 1581 158 1613 750
238 1571 462 1622 Pabulaque
495 1583 515 1609 e
546 1570 672 1609 bustis
704 1571 826 1608 inscia
858 1570 1003 1620 carpsit
1035 1570 1139 1607 ovis:

182 1631 222 1670 Si
254 1642 392 1669 nemus
424 1630 565 1668 intravi
597 1630 789 1679 vetitum,
823 1629 1014 1666 nostrisve
1048 1628 1200 1678 fugatae

239 1688 340 1728 Sunt
371 1688 494 1727 oculis
526 1687 716 1739 nymphae
749 1688 1013 1737 semicaperve
1045 1685 1165 1725 deus:

181 1747 222 1786 Si
255 1759 337 1786 mea
369 1746 445 1785 falx
476 1758 583 1785 ramo
615 1746 747 1784 lucum
779 1745 958 1797 spoliavit
989 1756 1133 1795 opaco,

239 1805 348 1845 Unde
380 1805 466 1844 data
499 1812 559 1844 est
590 1816 728 1855 aegrae
760 1805 904 1843 fascina
938 1803 1086 1842 frondis
1119 1803 1203 1842 ovi:

89 1872 157 1905 755
180 1864 232 1904 Da
265 1865 415 1903 veniam
448 1864 612 1915 culpae.
669 1875 770 1915 nec,
803 1863 896 1902 dum
928 1861 1206 1913 degrandinat,
1239 1860 1341 1900 obsit

236 1923 391 1974 Agresti
422 1922 510 1961 fano
544 1923 797 1973 supposuisse
829 1933 974 1973 pecus.

178 1982 258 2020 Nec
291 1986 429 2020 noceat
461 1980 639 2020 turbasse
671 1980 808 2020 lacus.
865 1980 1084 2031 ignoscite,
1116 1977 1331 2029 nymphae,

236 2039 338 2079 Mota
371 2038 474 2090 quod
507 2039 694 2077 obscuras
726 2037 870 2089 ungula
903 2038 995 2076 fecit
1026 2049 1168 2088 aquas.

178 2098 266 2146 Tu,
299 2098 399 2150 dea,
430 2109 502 2149 pro
535 2096 648 2136 nobis
681 2097 808 2136 fontes
840 2097 1076 2146 fontanaque
1109 2095 1216 2147 placa

88 2166 158 2198 ‘160
237 2156 432 2208 Numina,
467 2162 508 2195 tu
542 2168 698 2208 sparsos
731 2168 801 2207 per
833 2167 971 2194 nemus
1005 2166 1119 2193 omne
1152 2154 1269 2193 deos.

177 2216 258 2255 Nec
290 2215 483 2267 dryadas,
515 2227 588 2254 nec
620 2227 692 2254 nos
725 2215 922 2253 videamus
955 2213 1060 2251 labra
1092 2213 1260 2265 Dianae,

236 2273 316 2313 Nec
348 2274 555 2326 Faunum,
587 2273 715 2312 medio
749 2285 838 2312 cum
870 2274 1013 2324 premit
1045 2284 1134 2310 arva
1166 2272 1250 2312 die.

177 2332 281 2372 Pelle
307 2333 445 2385 procul
471 2333 653 2373 morbos.
698 2332 849 2371 valeant
875 2332 1131 2382 hominesque
1158 2342 1398 2382 gregesque,

129 2405 237 2432 ovn).
274 2406 331 2431 111.
1141 2400 1184 2431 20
