1570 2527
590 127 631 159 v.
659 128 807 160 23—96.
1290 123 1373 165 105

151 237 201 277 Et
232 237 445 289 quoniam,
479 237 546 287 qui
578 237 631 274 sis
650 267 661 286 ‚
694 235 868 273 nondum
902 233 1180 285 quaerentibus
1213 233 1308 285 edo,

209 295 328 335 Ibidis
359 297 510 333 interea
542 299 586 333 tu
619 305 774 344 quoque
808 305 951 331 nomen
983 292 1112 344 habe3

149 354 277 406 thue
310 355 387 393 mei
418 365 556 392 versus
589 352 830 403 aliquantum
862 353 988 390 noctis
1021 350 1242 402 habebunt,

212 413 276 452 Sic
308 414 408 451 vitae
442 413 565 450 series
597 416 678 450 tota
711 412 761 449 sit
793 416 875 449 atra
908 416 1019 449 tuae.

87 480 130 512 65
152 471 256 510 Haec
288 471 359 510 tihi
392 470 509 509 natali
541 470 680 520 facito,
713 468 872 520 Ianique
905 468 1080 507 kalendis
1319 468 1357 501 (4)

210 530 297 568 Non
329 530 542 568 mentituro
577 527 742 579 quilibet
773 540 840 566 ore
873 527 996 578 legat.

151 589 197 627 Di
229 590 346 627 maris
383 593 420 626 et
452 593 580 626 terrae
601 618 611 637 ,
644 588 789 638 quique
822 586 882 624 his
914 585 1074 624 meliora
1106 586 1248 624 tenetis

211 647 318 686 Inter
351 647 526 685 diversos
559 657 649 684 cum
681 645 768 683 Iove
802 657 922 695 regna
954 645 1088 695 polos,

153 705 238 745 Huc
259 737 270 757 ,
301 717 473 757 precor,
504 704 582 743 huc
614 709 765 742 vestras
803 715 938 742 omnes
977 703 1165 741 advertite
1202 707 1376 754 mentes,

89 773 132 804 70
211 763 260 802 Et
292 765 407 802 sinite
440 764 582 813 optatis
614 762 768 813 pondus
800 763 929 799 inesse
962 763 1084 800 meis:

154 822 320 874 Ipsaque
352 827 395 860 tu
428 820 560 859 Tellus
580 851 590 871 ,
622 822 752 871 ipsum
785 832 875 858 cum
906 819 1092 858 fluctibus
1125 831 1294 870 aequor,

211 880 299 932 Ipse
331 891 437 918 meas
469 879 605 918 aether
637 880 769 928 accipe
803 890 954 916 summe
986 890 1147 930 preces3

155 939 370 990 Sideraque
404 944 442 977 et
474 938 593 976 radiis
627 937 867 976 circumdata
899 936 991 974 solis
1023 938 1174 987 imago,

212 997 399 1049 Lunaque
419 1029 429 1049 ,
462 1009 561 1048 quae
589 1007 803 1047 numquam
830 1007 906 1046 quo
934 996 1071 1045 prius,
1106 994 1200 1033 orbe
1234 996 1378 1047 micas,

92 1065 134 1097 75
154 1057 318 1107 Noxque
350 1055 605 1095 tenebrarum
637 1056 766 1106 specie
800 1053 1014 1092 reverenda
1049 1059 1231 1106 tuarum3

216 1115 403 1165 Quaeque
435 1120 564 1153 ratum
595 1113 741 1165 triplici
772 1112 912 1164 pollice
944 1113 1046 1151 netis
1079 1124 1197 1163 opus,

156 1174 311 1225 Quique
344 1185 414 1224 per
446 1173 620 1211 infernas
652 1171 850 1210 horrendo
884 1182 1087 1210 murmure
1120 1170 1236 1209 valles

214 1232 483 1283 Inperiuratae
515 1230 658 1269 laberis
691 1232 815 1269 amnis
848 1242 994 1282 aquae,

157 1291 342 1341 Quasque
374 1290 508 1329 ferunt
539 1295 642 1328 torto
675 1290 822 1328 vittatis
855 1300 979 1339 angue
1014 1287 1161 1339 capillis

90 1358 134 1390 80
215 1349 394 1388 Carceris
427 1348 615 1387 obscuras
648 1353 736 1386 ante
770 1347 908 1386 sedere
940 1347 1068 1398 fores3

155 1407 232 1447 Vos
277 1419 465 1459 quoque,
515 1405 626 1458 plebs
671 1417 888 1457 superum,
936 1406 1043 1444 fauni
1087 1405 1285 1456 satyrique
1330 1404 1381 1443 la-

888 1475 1031 1514 resque

217 1524 474 1574 Fluminaque
509 1529 547 1562 et
578 1523 769 1575 nymphae
803 1522 1098 1573 semideumque
1131 1534 1277 1573 genus:

158 1583 336 1634 Denique
369 1582 416 1621 ab
450 1584 610 1633 antiquo
643 1581 722 1620 divi
753 1587 985 1631 veteresque
1018 1582 1186 1631 novique

216 1641 261 1680 In
292 1647 473 1680 nostrum
506 1641 638 1679 cuncti
671 1646 855 1691 tempus,
889 1640 1050 1691 adeste,
1083 1639 1202 1691 chao,

95 1709 138 1741 85
160 1700 341 1740 Carmina
373 1700 465 1738 dum
498 1700 616 1750 capiti
647 1699 746 1737 male
780 1698 855 1736 fido
889 1697 972 1736 dira
1004 1703 1200 1736 canuntur

217 1758 268 1798 Et
297 1763 491 1810 peragunt
522 1763 653 1809 partes
684 1759 743 1796 ira
775 1756 964 1808 dolorque
997 1768 1110 1795 suaS.

134 1817 327 1857 ‘Adnuite
360 1818 502 1868 optatis
535 1828 671 1855 omnes
704 1828 750 1854 ex
783 1815 920 1854 ordine
953 1816 1123 1867 nostris,
1329 1817 1365 1850 (5)

219 1875 270 1915 Et
300 1887 391 1927 pars
424 1877 474 1914 sit
505 1877 583 1914 voti
614 1874 719 1914 nulla
752 1874 897 1913 caduca
929 1875 1029 1914 mei.

160 1935 348 1985 Quaeque
380 1946 550 1986 precor,
583 1934 704 1972 fiant:
752 1939 796 1972 ut
827 1944 906 1972 non
939 1944 1024 1971 mea
1056 1931 1158 1971 dicta
1176 1962 1187 1984 ,
1221 1932 1289 1971 sed
1320 1931 1384 1971 illa

97 2002 142 2034 90
221 1993 432 2044 Pasiphaes
464 1993 600 2044 generi
631 1991 750 2031 verba
782 1992 903 2030 fuisse
936 1996 1071 2042 putet.

160 2052 344 2103 Quasque
378 2063 448 2102 ego
480 2052 675 2090 transiero
707 2062 853 2102 poenas
873 2081 883 2101 ‚
915 2050 1085 2100 patiatur
1117 2054 1157 2088 et
1187 2048 1295 2102 illas;

219 2110 379 2149 Plenius
411 2111 567 2161 ingenio
600 2111 652 2148 sit
682 2110 802 2148 miser
834 2108 897 2146 ille
932 2106 1040 2146 meo!

160 2169 265 2209 Neve
298 2170 430 2208 minus
462 2174 629 2207 noceant
659 2168 795 2206 fictum
828 2167 1050 2206 execrantia
1081 2178 1224 2204 nomen

220 2227 340 2280 Vota,
373 2228 502 2266 minus
534 2238 694 2277 magnos
728 2230 1044 2264 commoveantve
1076 2224 1194 2263 deos:

98 2295 141 2327 95
174 2285 289 2325 Illum
320 2298 392 2337 ego
425 2286 624 2336 devoveo,
658 2296 775 2335 quem
807 2295 918 2322 mens
949 2282 1169 2335 intellegit,
1201 2282 1310 2335 Ibin,

222 2343 299 2390 Qui
330 2346 403 2383 scit
435 2356 477 2383 se
510 2345 622 2383 factis
654 2342 724 2382 has
756 2343 948 2382 meruisse
980 2353 1142 2393 preces,
