1570 2527
505 158 551 191 ΙΙ.
578 165 656 190 vm
677 160 864 191 'lo—vim
885 160 939 191 63.
1308 157 1389 198 161

168 266 208 305 Si
239 278 375 318 pacem
407 266 552 307 nullam
583 273 728 317 pontus
760 266 855 304 mihi
886 272 1060 318 praestet
1092 269 1224 319 eunti,

225 325 339 364 Irrita
371 324 553 376 Neptuno
587 337 658 363 cur
690 337 760 375 ego
794 332 881 363 tura
914 323 1072 364 feram?

165 382 270 422 Vana
301 383 513 422 laborantis
547 385 580 421 si
612 382 715 422 fallat
749 390 835 422 vota
868 384 1019 435 coloni,

103 450 146 481 30
226 443 401 493 Accipiat
433 442 612 492 gravidae
647 454 717 480 cur
751 443 832 480 suis
865 450 952 481 exta
985 441 1138 482 Ceres?

167 500 248 540 Nec
280 500 386 539 dabit
417 502 574 539 intonso
607 500 785 551 iugulum
818 513 935 552 caper
967 501 1094 539 hostia
1126 501 1301 553 Baccho,
1335 511 1390 541 (66)

226 559 353 598 Musta
385 559 458 598 sub
492 559 658 598 adducto
692 561 725 598 si
756 559 855 610 pede
889 560 994 598 nulla
1025 560 1172 599 ssuent.

168 617 309 657 Caesar
334 624 385 674 ⁴ut
417 619 572 669 imperii
605 618 831 657 moderetur
864 619 973 657 frena
1004 631 1236 671 precamur,

225 677 321 715 Tam
353 677 452 715 bene
486 677 589 728 quod
621 679 769 728 patriae
804 677 973 716 consulit
1004 677 1068 716 ille
1103 690 1219 717 suae.

102 744 146 774 35
166 735 320 774 Utilitas
352 738 472 796 igitur
505 748 664 786 magnos
696 736 953 787 hominesque
987 736 1160 787 deosque

225 794 384 845 Efficit,
417 794 570 833 auxiliis
604 806 759 844 quoque
794 795 946 832 favente
980 796 1084 833 suis.

166 853 225 891 Tu
258 865 414 904 quoque
448 854 507 891 sac
540 853 707 903 profugo
741 854 895 902 prosint
927 859 993 891 tua
1026 859 1154 891 castra
1185 855 1352 905 iacenti,

226 911 257 950 Ο
290 911 416 963 Coty,
448 913 656 962 progenies
690 911 805 961 digna
836 917 999 961 parente
1032 917 1123 950 tuo.

167 969 410 1008 Conveniens
443 970 592 1008 homini
624 976 684 1008 est
716 970 913 1008 hominem
947 981 1102 1008 servare
1138 970 1337 1023 voluptas,

102 1037 145 1067 40
225 1028 275 1067 Et
305 1029 445 1067 melius
479 1029 583 1067 nulla
616 1030 819 1079 quaeritur
851 1035 934 1067 arte
967 1029 1097 1067 favor.

167 1087 263 1132 Quis
295 1099 374 1126 non
405 1087 642 1138 Antiphaten
674 1086 940 1138 Laestrygona
972 1085 1171 1127 devovet?
1204 1094 1270 1127 aut
1304 1089 1390 1139 quis
1439 1110 1442 1111 ν

225 1146 399 1184 Munifici
430 1158 559 1184 mores
592 1145 787 1196 improbat
818 1144 1004 1184 Alcinoi?

166 1205 251 1243 Non
284 1204 356 1243 tibi
387 1204 632 1243 Casandreus
664 1210 774 1255 pater
808 1210 867 1242 est
898 1206 1074 1255 gentisve
1107 1205 1325 1256 Pheraeae,

226 1263 348 1309 Quive
382 1269 628 1314 repertorem
661 1264 805 1301 torruit
837 1269 919 1301 arte
953 1275 1046 1302 sua:

105 1330 148 1361 45
172 1321 247 1360 Sed
281 1333 396 1372 quam
428 1322 551 1360 Marte
584 1322 692 1360 ferox
727 1327 765 1359 et
798 1322 900 1359 vinci
931 1323 1088 1360 nescius
1122 1324 1264 1373 armis,

227 1380 322 1418 Tam
355 1392 596 1432 numquam,
629 1380 728 1418 saeta
761 1392 854 1430 pace
875 1411 885 1431 ,
919 1382 1072 1418 cruoris
1105 1392 1259 1419 amans.

167 1439 303 1491 Adde,
337 1439 442 1489 quod
474 1441 664 1489 ingenuas
697 1438 881 1476 didicisse
915 1438 1082 1477 fideliter
1115 1444 1219 1477 artes

225 1497 385 1536 Emollit
416 1509 546 1535 mores
566 1529 576 1548 ,
609 1509 682 1536 nec
715 1498 808 1535 sinit
840 1509 926 1535 esse
960 1498 1087 1536 feros.

167 1556 247 1595 Nec
280 1568 419 1607 regum
452 1558 660 1606 quisquam
692 1557 813 1606 magis
847 1561 905 1594 est
937 1557 1156 1595 instructus
1189 1555 1235 1594 ab
1268 1556 1366 1607 illis,

103 1623 148 1654 50
227 1614 387 1653 Mitibus
420 1621 486 1653 aut
518 1615 658 1653 studiis
691 1619 869 1665 tempora
902 1614 1015 1665 plura
1047 1615 1175 1653 dedit.

166 1674 347 1713 Carmina
379 1679 604 1725 testantur3
638 1685 735 1724 quae
755 1705 766 1724 ,
799 1675 832 1711 si
864 1679 928 1711 tua
962 1675 1119 1711 nomina
1151 1673 1305 1724 demas,

228 1732 456 1771 Threicium
488 1734 671 1771 iuvenem
703 1734 970 1783 composuisse
1004 1744 1166 1783 negem.

164 1791 269 1830 Neve
301 1791 374 1830 sub
406 1791 481 1829 hoc
513 1796 640 1829 tractu
667 1795 773 1829 vates
806 1791 908 1829 foret
939 1792 1080 1829 unicus
1107 1791 1313 1843 Orpheus,
1336 1800 1390 1829 (6⁷2

224 1849 395 1889 Bistonis
426 1851 584 1900 ingenio
617 1855 722 1888 terra
756 1849 925 1900 superba
958 1855 1025 1888 tuo
1059 1856 1141 1888 est.

102 1917 145 1948 55
168 1908 295 1959 thue
327 1908 400 1947 tibi
432 1914 492 1947 est
524 1909 704 1960 animus,
744 1920 834 1947 cum
866 1920 930 1946 res
962 1910 1015 1946 ita
1046 1908 1248 1960 postulat,
1285 1921 1389 1947 arma

227 1967 390 2005 Sumere
425 1972 464 2005 et
494 1966 626 2005 hostili
658 1968 810 2017 tingere
845 1966 962 2005 caede
996 1979 1177 2019 manum,

165 2027 293 2076 Atque
325 2031 369 2064 ut
400 2037 442 2064 es
475 2037 639 2064 excusso
673 2025 844 2064 iaculum
877 2031 1063 2076 torquere
1096 2025 1240 2064 lacerto

225 2084 409 2135 Collaque
443 2084 586 2122 velocis
618 2084 778 2123 flectere
811 2084 950 2122 doctus
983 2085 1097 2135 equi,

165 2143 358 2195 Tempora
391 2144 447 2182 sic
480 2143 568 2182 data
601 2149 693 2181 sunt
725 2142 865 2181 studiis
897 2142 966 2180 ubi
997 2144 1099 2181 iusta
1131 2144 1330 2195 paternis,

103 2210 146 2241 60
224 2202 351 2253 Atque
385 2203 467 2240 suis
499 2203 675 2240 numeris
708 2202 809 2239 forte
842 2202 990 2251 quievit
1022 2213 1140 2253 opus,

165 2260 221 2299 Ne
253 2265 319 2299 tua
352 2266 595 2299 marcescant
626 2272 697 2311 per
728 2261 867 2298 inertis
900 2261 976 2298 otia
1010 2272 1194 2312 somnos,

224 2319 371 2358 Lucida
402 2319 530 2358 Pieria
564 2319 691 2358 tendis
722 2320 763 2356 in
796 2324 899 2356 astra
930 2320 1015 2357 via.

165 2377 269 2416 Haec
302 2390 459 2429 quoque
491 2390 555 2416 res
588 2376 733 2428 aliquid
765 2383 897 2416 tecum
923 2377 1018 2416 mihi
1050 2378 1220 2417 foederis
1253 2379 1387 2417 affert.

119 2450 225 2478 OVID.
261 2450 320 2477 111.
1134 2448 1150 2478 1
1158 2448 1175 2477 1
