1570 2527
586 117 647 150 VI.
674 118 868 151 398—468.
1310 115 1395 158 345

88 234 156 265 435
176 226 323 264 Auctor
353 226 394 264 in
425 225 606 277 incerto,
637 237 702 264 res
734 231 794 264 est
825 225 997 264 Romana
1017 257 1026 265 .
1082 231 1216 265 tuetur
1320 234 1394 266 (210)

235 283 379 334 Vesta,
411 283 514 334 quod
547 284 702 322 assiduo
734 284 880 323 lumine
912 291 1053 323 01111013
1085 284 1209 323 videt.

175 342 262 381 Heu
294 347 484 393 quantum
516 343 681 381 timuere
713 349 845 393 patres
864 374 875 395 ,
908 355 984 394 quo
1017 349 1194 394 tempore
1227 342 1340 382 Vesta

234 401 369 453 Arsit,
401 406 440 439 et
472 406 532 439 est
562 403 678 439 tectis
710 400 850 440 obruta
881 413 1004 452 paene
1037 401 1141 440 suis!

176 458 408 510 Flagrabant
439 461 564 498 sancti
596 459 796 498 sceleratis
828 459 984 510 ignibus
1016 461 1149 512 ignes,

87 525 155 557 440
234 517 430 568 Mixtaque
463 524 547 556 erat
576 518 753 556 flammae
784 518 937 557 flamma
968 519 1129 570 profana
1160 519 1269 569 piae.

175 576 371 615 Attonitae
403 576 549 614 ssebant
580 577 749 615 demisso
783 579 890 615 crine
923 579 1146 616 ministrae:

233 634 458 673 Abstulerat
489 636 592 673 vires
625 637 801 687 corporis
833 638 916 686 ipse
949 637 1087 674 timor.

175 693 354 732 Provolat
385 694 425 731 in
458 693 629 732 medium
647 725 658 745 ‚
692 700 730 732 et
761 707 899 745 magna
931 692 1171 733 ‘succurrite
1193 691 1225 733 !’
1258 705 1352 732 voce

235 748 342 790 ‘Non
374 757 434 790 est
466 748 652 790 auxilium
683 750 798 791 ssere'
833 753 1012 791 Metellus
1045 755 1118 792 ait.

86 818 154 849 445
177 807 365 860 ‘Pignora
397 812 582 860 virgineis
613 810 740 849 satalia
773 811 894 851 tollite
927 811 1087 862 palmis!

233 868 319 907 Non
352 882 395 906 ea
428 876 520 907 511111
551 876 639 908 voto
658 900 668 920 ,
701 869 770 908 sed
802 870 987 921 rapienda
1018 869 1157 909 manu!

172 926 233 965 Me
265 926 483 965 miserum!
529 926 715 966 dubitatis
735 925 775 966 ‘9’
809 930 888 968 ait.
946 928 1124 967 dubitare
1157 927 1333 980 videbat,

232 984 282 1023 Et
312 985 469 1036 pavidas
500 987 628 1036 posito
659 985 917 1037 procubuisse
950 999 1074 1038 801111.

173 1043 313 1082 Haurit
345 1056 464 1094 aquas
483 1075 493 1095 ‚
525 1043 745 1096 tollensque
777 1057 914 1084 manus
933 1077 944 1097 ‚
977 1042 1187 1096 ‘ignoscite
1208 1043 1239 1097 ,²
1273 1045 1369 1085 dixit

86 1111 153 1142 450
235 1100 404 1140 ‘Sacral
448 1104 507 1140 vir
537 1102 691 1142 intrabo
724 1115 802 1142 non
834 1103 1011 1143 adeunda
1043 1106 1149 1143 viro.

176 1161 216 1200 Si
249 1161 376 1199 scelus
410 1167 498 1211 est,
528 1162 570 1199 in
601 1174 662 1200 me
696 1164 893 1201 commissi
924 1174 1050 1213 poena
1081 1162 1297 1202 redundet:

235 1219 294 1258 Sit
326 1221 463 1270 capitis
496 1219 635 1258 damno
667 1220 789 1259 Roma
822 1220 946 1259 soluta
978 1218 1098 1260 mei.'

174 1278 307 1329 Dixit,
341 1283 378 1316 et
409 1279 580 1329 irrupit.
638 1279 783 1317 factum
815 1279 887 1318 dea
918 1287 1028 1329 rapta
1059 1278 1260 1331 probavit,

231 1337 511 1387 Pontificisque
545 1338 606 1376 sui
637 1349 799 1376 munere
833 1344 914 1377 tuta
946 1338 1042 1377 fuit.

85 1404 152 1435 455
174 1395 286 1434 Nunc
318 1395 417 1434 bene
450 1395 590 1434 lucetis
623 1408 755 1434 sacrae
787 1396 860 1435 sub
893 1396 1057 1435 Caesare
1089 1397 1287 1436 flammae:

232 1454 338 1504 Ignis
369 1456 409 1492 in
441 1453 567 1492 Iliacis
599 1466 704 1493 nunc
737 1456 812 1494 erit
844 1461 981 1506 estque
1014 1456 1134 1494 focis.

173 1512 365 1564 Nullaque
397 1512 550 1551 dicetur
582 1515 696 1552 vittas
727 1520 940 1552 temerasse
974 1514 1155 1553 sacerdos

232 1571 315 1610 Hoc
347 1571 447 1610 duce
465 1603 476 1623 ‚
508 1583 581 1610 nec
614 1573 696 1610 viva
727 1572 948 1611 desodietur
980 1572 1122 1611 humo.

176 1630 239 1669 Sic
271 1632 420 1668 incesta
452 1631 583 1681 perit,
616 1632 706 1680 quia
738 1643 854 1681 quam
887 1631 1067 1683 violavit,
1099 1633 1140 1670 in
1172 1630 1274 1670 illam

85 1697 153 1728 460
235 1688 424 1727 Conditur
443 1720 453 1740 ‚
487 1695 525 1727 et
557 1688 688 1727 Tellus
721 1689 913 1741 Vestaque
945 1702 1091 1729 numen
1123 1690 1227 1729 idem
1259 1696 1339 1729 est.

174 1747 274 1786 Tum
307 1747 381 1785 sibi
413 1746 578 1786 Callaico
609 1747 756 1787 Brutus
788 1761 1004 1799 cognomen
1037 1748 1083 1787 ab
1116 1749 1227 1787 hoste

232 1805 371 1858 Fecit,
404 1811 443 1844 et
474 1805 685 1857 Hispanam
716 1809 905 1859 sanguine
935 1809 1052 1846 tinxit
1083 1807 1268 1846 humum.

175 1864 333 1904 Scilicet
363 1864 563 1904 interdum
594 1867 810 1905 miscentur
841 1867 968 1905 tristia
999 1866 1134 1917 laetis,

232 1922 312 1961 Nec
344 1923 532 1973 populum
564 1930 646 1962 toto
678 1931 837 1975 pectore
870 1925 968 1963 festa
999 1926 1154 1963 iuvant.

86 1990 153 2021 465
175 1981 338 2020 Crassus
371 1981 418 2019 ad
449 1980 677 2032 Euphraten
709 1982 856 2033 aquilas
888 1989 1101 2034 natumque
1134 1995 1304 2034 suosque

232 2038 436 2091 Perdidit,
469 2046 508 2078 et
537 2039 614 2078 leto
647 2047 707 2079 051
737 2040 897 2080 ultimus
929 2043 1013 2092 ipse
1045 2041 1181 2081 datus.

176 2096 338 2138 ‘Parthe
357 2128 368 2150 ‚
401 2097 494 2149 quid
527 2098 676 2137 exultas
695 2096 736 2138 ‘?'
770 2099 867 2138 dixit
898 2099 969 2138 dea
1001 2097 1130 2151 ‘signa
1162 2102 1362 2153 remittes,

233 2157 387 2208 Quique
419 2169 557 2196 necem
589 2157 720 2197 Crassi
750 2157 948 2211 vindicet,
982 2158 1086 2198 ultor
1117 2157 1236 2199 erit.'
