1570 2527
1288 97 1389 132 XXV

55 224 191 250 versus
213 213 264 249 31
300 211 350 248 ad
383 211 438 248 20
469 209 711 248 commodius
743 209 921 258 iungitur
952 220 1069 257 quam
1100 207 1150 246 ad
1183 209 1248 246 30.
1323 207 1390 256 qui

54 269 315 318 intercedunt,
341 270 570 317 comparant
595 267 723 306 Ulixis
755 269 795 305 et
819 268 957 316 poetae
983 278 1047 304 res
1073 265 1271 314 adversas,
1303 277 1391 304 cum

55 329 152 367 satis
201 328 322 365 fuerit
372 327 489 365 alteri
535 339 602 364 sex
658 337 780 364 annos
829 325 1124 363 insuavissimos
1174 324 1391 372 continuos,

55 387 171 425 alteri
213 388 401 435 quattuor
443 384 649 423 intercisos
695 384 896 434 obtigisse.
969 383 1155 433 Phyacen
1197 394 1391 420 commen-

55 445 191 484 ticium
227 445 468 493 putaverim,
506 443 727 481 Heniochos
768 444 808 480 et
839 442 1017 480 Achaeos
1055 455 1078 480 a
1115 441 1242 478 Plinio
1274 440 1323 478 H.
1355 453 1391 479 n.

56 504 112 541 VI
146 505 197 541 16
232 505 272 541 et
304 504 359 541 30
398 504 591 551 sumptos,
628 502 670 539 in
708 513 804 550 quos
836 501 941 538 locos
973 499 1110 538 incidit
1141 500 1208 550 qui
1239 499 1285 537 de
1322 499 1392 536 flu-

55 562 130 600 viis
169 561 290 599 Penio
330 563 370 599 et
400 560 613 598 Parthenio
652 559 862 609 quaesivit:
901 560 948 597 de
986 559 1190 608 regionum
1230 557 1393 595 immani

57 620 279 659 discrimine
312 619 562 658 excusatione
595 631 658 657 vv.
685 620 737 656 29
774 619 829 656 30
866 618 1056 656 utendum
1092 617 1203 655 vidit.
1276 628 1392 665 agno-

57 690 141 716 scas
173 681 306 715 tamen
344 677 661 725 interpolationis
699 689 777 714 non
807 676 984 714 noviciae
1017 675 1292 723 scholasticae,
1325 674 1395 712 sed

57 738 238 786 argutae,
278 736 497 773 rhetoricae
534 734 763 773 vetustioris
805 735 992 781 colorem,
1036 735 1163 782 qualis
1207 733 1290 771 fere
1335 735 1395 770 est

56 795 97 833 in
122 793 371 832 Heroidibus.
445 792 596 832 accedit
621 793 725 842 quod
751 794 790 830 et
815 792 856 829 hi
881 801 946 829 XII
971 804 1109 830 versus
1137 794 1176 829 et
1201 791 1396 828 distichon

59 853 247 902 epistolae
267 861 368 890 VIIII
392 853 470 890 131
498 853 592 899 132,
619 851 721 900 quod
746 850 926 888 mirabile
946 850 1086 897 visum,
1112 850 1152 886 in
1171 849 1395 898 fragmento

59 911 370 960 Guelferbytano
404 913 555 958 extant,
589 912 658 947 aut
690 909 862 947 adfuisse
895 908 1094 957 videntur,
1127 908 1231 957 quod
1262 908 1396 945 arche-

57 973 155 1020 typo
193 972 329 1008 nostro
368 969 479 1007 annis
520 976 574 1006 CC
612 968 777 1005 inferius
815 979 900 1005 esse
936 979 1058 1016 prope
1099 967 1234 1016 liquet.
1308 979 1396 1015 pos-

59 1031 150 1067 sunt
181 1029 278 1066 haec
310 1027 586 1075 circumscribi,
620 1039 857 1076 quamquam
888 1025 1171 1074 propemodum
1204 1025 1397 1073 paenitet:

59 1087 295 1137 paginarum
326 1086 485 1124 modum
519 1089 558 1123 et
590 1085 767 1123 ordinem
798 1085 1060 1133 praestituere
1085 1096 1164 1122 non
1190 1084 1397 1130 debebant,

61 1146 245 1195 quoniam
275 1157 348 1183 nec
374 1145 564 1193 epistolae
591 1153 653 1181 XV
680 1143 874 1181 distichon
901 1144 953 1181 33
983 1144 1037 1181 34
1064 1155 1087 1179 a
1112 1142 1261 1179 recenti
1278 1142 1399 1179 inter-

59 1205 238 1253 polatore
276 1204 317 1241 in
352 1203 482 1241 media
519 1203 680 1252 pagina,
719 1215 768 1240 an
806 1201 1022 1239 versiculus
1061 1201 1110 1238 ad
1142 1201 1399 1249 supplendam

59 1264 239 1300 lacunam
271 1261 428 1299 additus
462 1262 528 1309 sit,
566 1261 648 1298 ullo
679 1261 794 1298 modo
827 1261 1073 1308 exploratum
1105 1261 1164 1297 est
1196 1261 1265 1296 aut
1297 1258 1400 1308 quic-

61 1334 178 1371 quam
208 1321 341 1359 refert.

182 1372 400 1416 Emendavi
440 1379 480 1415 in
518 1378 709 1415 Ponticis:
741 1373 762 1413 I
795 1386 827 1414 ΙΙ
859 1374 915 1414 20
954 1376 1057 1425 quod
1100 1376 1141 1413 in
1184 1376 1295 1413 libris
1340 1378 1400 1413 est

61 1437 116 1475 At
151 1439 262 1475 semel
299 1439 464 1475 intentus
498 1457 547 1462 —
582 1436 790 1474 inresoluta
827 1437 964 1472 manet.
1041 1434 1155 1471 Tecta
1191 1436 1313 1481 riyent
1348 1454 1396 1459 —

61 1497 176 1534 veluti
211 1497 335 1533 velata
374 1496 533 1542 sayittis.
604 1492 935 1531 constructionem
972 1492 1150 1529 illicitam
1188 1505 1266 1529 non
1302 1494 1399 1541 puto

63 1567 135 1603 pro
169 1566 226 1603 eo,
259 1552 362 1603 quod
389 1565 473 1590 esse
499 1552 679 1599 debebat,
713 1547 845 1588 ‘simul
870 1552 988 1599 atque
1014 1551 1235 1588 insonuerit
1260 1546 1400 1588 arcus'.

61 1613 207 1650 vallata
243 1612 322 1648 iam
361 1612 452 1648 olim
492 1610 708 1658 edideram,
747 1611 885 1657 estque
923 1609 1077 1646 abunde
1113 1609 1310 1646 munitum
1346 1609 1400 1646 lo-

63 1670 301 1718 cutionibus,
341 1681 438 1718 quas
469 1669 595 1706 lexica
624 1669 784 1714 habent,
820 1667 885 1705 Sol
922 1668 1046 1705 radiis
1075 1668 1243 1705 vallatus
1280 1669 1401 1705 acatis

61 1730 154 1767 Her.
180 1737 250 1766 1111
275 1730 368 1776 159,
393 1729 541 1766 vallant
565 1730 733 1775 tempora
760 1727 885 1764 dentes
911 1725 999 1763 Sen.
1026 1725 1140 1764 Herc.
1169 1725 1252 1764 Oct.
1276 1727 1400 1764 1935.

179 1796 231 1825 ΙΙΙ
264 1784 319 1826 86
350 1787 459 1824 nolui
490 1788 644 1823 mutare
677 1798 739 1833 ea,
777 1797 878 1833 quae
909 1784 1185 1834 neglegentius
1223 1796 1246 1821 a
1282 1786 1402 1832 poeta

6 1865 8 1867 ·
62 1846 231 1884 fortasse
264 1845 381 1884 scribi
413 1846 638 1894 potuerunt.
711 1843 917 1880 Bentleius
949 1842 1144 1880 distichon
1175 1843 1399 1881 damnabat.

62 1905 307 1953 temptabam
345 1903 419 1951 Qui
454 1905 549 1951 facit
584 1914 629 1941 ex
653 1904 763 1941 dictis
791 1904 950 1940 nomina
979 1914 1138 1950 mamm,
1175 1901 1271 1938 facit
1303 1902 1401 1938 tam-

64 1976 181 2012 quam
213 1975 279 2001 aes
311 1963 494 2010 alienum,
526 1962 592 2010 qui
622 1960 947 2010 philosophorum
978 1959 1194 1998 sententias
1228 1959 1400 2007 suscipit,

64 2021 112 2059 ad
158 2022 340 2059 effectum
384 2021 575 2059 adducere
614 2020 762 2069 nequit.
912 2028 941 2057 V
975 2016 1000 2056 6
1045 2030 1186 2066 sequor
1229 2018 1397 2055 codicem

64 2080 224 2129 Hamb.,
274 2080 326 2118 Ut
361 2082 522 2127 capeant
557 2080 647 2116 vitio
683 2081 725 2116 m'
760 2080 1000 2116 moveantur:
1047 2076 1115 2113 alii
1154 2078 1310 2124 capiant
1344 2078 1399 2114 vi-

66 2141 160 2176 tium
202 2141 253 2178 ni.
325 2138 526 2176 conversio
577 2140 638 2175 est
687 2136 892 2184 orationis,
943 2135 1086 2172 omisso
1131 2136 1400 2178 tantummodo,

64 2197 147 2234 fere
179 2200 224 2235 ut
253 2197 336 2235 IIII
369 2206 398 2234 x
434 2198 486 2234 74
524 2199 623 2234 vetat
661 2196 878 2242 Tranquilli
915 2195 1084 2232 comitem
1114 2195 1292 2241 temporis
1324 2205 1401 2232 esse
1429 2189 1435 2204 ³

65 2256 189 2301 fidem.
338 2264 367 2293 v
401 2252 477 2305 21,
510 2252 565 2292 22
605 2255 765 2292 Lissum
807 2266 852 2290 ex
896 2252 1096 2290 Herodoto
1135 2254 1182 2289 H
1211 2253 1291 2290 108
1334 2252 1399 2289 de-

0 2332 1 2336 *
66 2325 318 2362 sumpseram.
388 2314 542 2361 frondes
578 2312 744 2360 Alpibus
781 2312 915 2354 addat,
960 2310 1062 2360 quod
1099 2311 1245 2359 editur,
1287 2310 1401 2347 nihili
