1570 2527
185 139 270 181 282
726 139 979 172 FASTORUM

361 249 419 288 Sit
451 250 587 299 prior,
619 248 715 286 irata
749 246 901 285 Pallade
934 258 1094 285 maneus
1127 247 1222 285 erit.

302 307 376 345 Vos
410 319 594 357 quoque,
627 305 806 344 Phoebea
837 305 994 344 morbos
1027 306 1093 356 qui
1125 304 1268 355 pellitis
1299 310 1404 352 arte,

360 365 521 404 Munera
554 364 600 403 de
633 365 773 403 vestris
805 376 928 415 pauca
960 364 1103 402 referte
1136 363 1252 402 deae.

302 423 380 463 Nec
413 436 480 462 vos
499 455 509 475 ,
542 422 655 462 turba
687 422 803 461 Phari
835 434 954 461 censu
987 421 1161 460 fraudata
1181 453 1191 473 ,
1224 422 1420 473 magistri,

215 490 282 522 830
363 482 572 533 Spernite3
606 481 817 531 discipulos
850 479 1008 519 attrahit
1039 479 1102 518 illa
1133 491 1276 518 novos:

303 540 454 591 Quique
488 551 618 578 moves
651 539 827 590 caelum,
865 538 1112 589 tabulamque
1145 537 1340 577 coloribus
1372 539 1478 589 uris,

361 598 514 649 Quique
547 599 641 636 facis
674 598 785 636 docta
819 597 943 636 mollia
977 608 1065 635 saxa
1097 608 1235 635 manu.

301 657 403 695 Mille
435 657 506 695 dea
538 662 598 695 est
630 668 821 707 operum:
867 661 971 694 certe
1010 655 1080 693 dea
1119 656 1303 693 carminis
1340 654 1403 693 illa
1435 660 1516 693 est.

364 715 404 754 Si
436 727 589 754 mereor
607 746 617 766 ,
652 714 791 753 studiis
824 714 923 753 adsit
955 714 1075 752 amica
1107 714 1227 752 meis.

215 781 282 812 835
305 774 456 812 Caelius
490 786 536 812 ex
569 773 644 812 alto
678 785 752 824 qua
785 784 895 811 mons
928 771 1131 811 descendit
1160 773 1202 810 in
1233 783 1424 823 aequum,

362 832 462 883 Hic,
496 831 562 870 ubi
595 844 672 870 non
704 831 816 882 plana
849 836 908 870 est
927 863 936 882 ,
970 830 1037 869 sed
1070 842 1191 881 prope
1224 829 1335 880 plana
1367 831 1448 883 via,

302 890 424 929 Parva
456 890 546 929 licet
578 890 707 928 videas
740 890 880 940 Captae
915 888 1073 928 delubra
1105 888 1323 940 Minervae,

363 949 469 994 Quae
502 949 573 987 dea
605 948 722 987 natali
754 949 882 999 coepit
913 947 1056 985 habere
1090 958 1183 985 suo.

303 1007 478 1046 Nominis
511 1008 549 1045 in
583 1006 700 1045 dubio
734 1018 850 1044 causa
882 1011 970 1044 est.
1028 1004 1190 1055 capitale
1223 1016 1405 1043 vocamus

215 1073 281 1105 840
361 1065 564 1116 Ingenium
597 1064 762 1103 sollers:
806 1066 1006 1114 ingeniosa
1039 1063 1109 1102 dea
1141 1068 1222 1101 est.

302 1125 359 1162 An
393 1126 481 1175 quia
514 1123 561 1162 (16
594 1124 730 1173 capitis
763 1123 887 1161 fertur
920 1123 1003 1160 sine
1035 1127 1157 1160 matre
1190 1123 1343 1172 paterni

361 1181 514 1220 Vertice
548 1193 636 1220 cum
669 1181 792 1231 clipeo
825 1179 1053 1231 prosiluisse
1086 1177 1191 1218 suo?

301 1241 359 1278 An
393 1242 481 1291 qula
514 1239 744 1290 perdomitis
777 1238 822 1277 ad
856 1251 926 1277 nos
959 1239 1107 1289 captiva
1139 1237 1300 1277 Faliscis

362 1295 514 1336 Venit?
559 1304 597 1336 et
628 1297 701 1336 hoc
733 1299 862 1347 ipsum
895 1296 1022 1335 littera
1055 1297 1182 1347 prisca
1215 1296 1351 1335 docet.

215 1365 281 1397 845
304 1358 361 1396 An
395 1356 498 1407 quod
531 1355 647 1394 habet
678 1355 831 1407 legem,
873 1356 1009 1406 capitis
1042 1366 1139 1405 quae
1171 1354 1342 1405 pendere
1373 1366 1518 1406 poenas

360 1414 417 1453 Ex
448 1414 512 1453 illo
546 1414 678 1452 iubeat
710 1415 812 1452 furta
844 1418 1000 1464 reperta
1032 1410 1150 1452 loco?

303 1475 331 1512 A
366 1485 610 1524 quacumque
644 1472 765 1511 trahis
798 1473 947 1511 ratione
980 1470 1194 1523 vocabula,
1227 1470 1372 1523 Pallas,

361 1531 436 1570 Pro
469 1530 635 1570 ducibus
668 1531 814 1569 nostris
846 1530 979 1581 aegida
1012 1541 1166 1581 semper
1197 1529 1319 1569 habe!

630 1621 697 1663 23.
731 1622 765 1662 B
793 1620 1080 1662 TVBIL-N)

304 1706 461 1745 Summa
494 1706 577 1744 dies
610 1718 629 1744 e
663 1707 835 1756 quinque
868 1705 981 1744 tubas
1013 1705 1179 1744 lustrare
1211 1716 1373 1744 canoras

217 1773 284 1804 850
364 1764 554 1802 Admonet
587 1769 625 1802 et
658 1764 748 1802 forti
781 1764 998 1802 sacrificare
1031 1763 1147 1801 deae.

304 1822 416 1861 Nunc
449 1828 559 1872 potes
592 1822 637 1860 ad
672 1821 791 1859 solem
825 1821 975 1859 sublato
1009 1821 1139 1859 dicere
1171 1820 1278 1860 voltu

363 1877 455 1918 ‘Hie
488 1880 580 1918 here
614 1879 802 1918 Phrixeae
835 1878 976 1917 vellera
1009 1880 1152 1929 pressit
1183 1874 1312 1917 ovis.’

306 1938 528 1978 Seminibus
560 1939 673 1976 tostis
707 1937 916 1976 sceleratae
950 1937 1084 1975 fraude
1120 1949 1307 1975 novercae

365 1996 585 2035 Sustulerat
617 1995 741 2035 nullas
773 2001 817 2034 ut
849 1995 974 2047 solet,
999 1995 1126 2035 herba
1159 2007 1310 2034 comas.

217 2064 283 2095 855
305 2056 472 2094 Mittitur
504 2055 549 2094 ad
584 2054 784 2106 tripodas,
818 2060 923 2092 certa
956 2055 1023 2104 qui
1055 2059 1160 2092 sorte
1193 2058 1389 2105 reportet,

364 2114 486 2159 Quam
520 2113 643 2152 sterili
675 2118 802 2151 terrae
834 2112 1043 2163 Delphicus
1076 2113 1164 2151 edat
1195 2124 1331 2162 opem.

305 2172 376 2211 Hic
410 2183 565 2223 quoque
599 2176 808 2222 corruptus
841 2183 929 2209 cum
963 2172 1108 2209 semine
1128 2202 1139 2222 ,
1171 2171 1324 2209 nuntiat
1355 2168 1484 2209 Helles

363 2229 414 2269 Et
444 2231 596 2269 iuvenis
628 2229 761 2268 Phrixi
794 2229 930 2268 funera
962 2233 1066 2267 sorte
1099 2229 1201 2279 peti.

306 2286 432 2338 thue
466 2293 711 2327 recusantem
744 2288 847 2326 cives
880 2292 919 2325 et
950 2292 1104 2338 ternpus
1136 2292 1175 2325 et
1207 2286 1273 2325 Ino

217 2354 284 2386 860
364 2346 646 2398 Compulerunt
677 2357 809 2397 regem
841 2347 946 2384 iussa
977 2344 1141 2384 nefanda
1173 2346 1274 2396 pati,
