1570 2527
710 129 935 162 TRISTIUM

233 247 253 278 5
274 239 353 277 Iam
385 250 506 290 prope
538 237 604 276 lux
636 237 798 290 aderat,
831 249 905 289 qua
937 250 998 276 me
1031 237 1232 277 discedere
1265 238 1406 279 Caesar

275 296 437 335 Finibus
469 302 666 335 extremae
697 297 866 335 iusserat
897 296 1100 335 Ausoniae.

274 355 353 394 Nec
386 356 554 406 spatium
585 355 713 393 fuerat
731 386 741 406 ,
774 366 846 393 nec
878 366 989 393 mens
1022 357 1114 394 satis
1146 360 1234 407 apta
1263 355 1447 406 parandi:

274 414 522 464 Torpuerant
552 412 667 463 longa
699 418 858 464 pectora
889 418 1022 451 nostra
1054 425 1185 452 mora,

274 472 359 510 Non
391 471 487 510 mihi
518 482 749 523 servorum,
782 472 944 509 comites
977 483 1053 509 non
1086 484 1180 510 cura
1211 472 1386 524 legendi,

213 539 254 569 10
275 529 360 568 Non
392 535 503 580 aptae
534 530 700 580 profugo
733 531 851 567 vestis
885 530 1016 579 opisve
1049 530 1132 567 fuit.

276 588 362 626 Non
395 588 506 626 aliter
538 589 700 639 stupui,
733 599 848 637 quam
882 588 948 636 qui
978 587 1079 625 Iovis
1110 587 1266 638 ignibus
1297 589 1400 626 ictus

275 646 377 685 Vivit
408 651 447 684 et
479 651 538 684 est
567 647 667 684 vitae
699 646 856 684 nescius
888 646 972 696 ipse
1005 657 1119 684 suae.

274 704 325 743 Ut
355 709 485 743 tamen
517 703 616 742 hanc
649 704 767 742 animi
798 702 941 742 nubem
975 703 1084 741 dolor
1115 705 1199 754 ipse
1231 704 1420 756 removit,

275 762 325 801 Et
355 763 512 801 tandem
545 774 683 800 sensus
716 761 947 800 convaluere
978 763 1078 812 mei,

214 829 254 860 15
275 821 474 872 Adloquor
505 825 724 858 extremum
756 825 923 858 maestos
956 819 1134 858 abiturus
1166 821 1333 872 amicos,

276 879 352 924 Qui
383 878 497 917 modo
530 878 578 917 de
609 878 741 916 multis
774 890 876 916 unus
908 883 947 916 et
978 878 1075 916 alter
1106 882 1240 916 erant.

276 937 380 975 Uxor
411 949 544 975 amans
575 936 733 975 flentem
764 936 862 974 ssens
894 937 1023 974 acrius
1055 937 1137 987 ipsa
1169 935 1349 988 tenebat,

275 995 404 1033 Imbre
436 1007 507 1046 per
538 994 716 1045 indignas
747 1006 872 1045 usque
905 994 1066 1032 cadente
1099 1006 1240 1044 genas.

277 1053 373 1092 Nata
405 1052 542 1104 procul
573 1052 727 1103 Libycis
760 1052 893 1091 aberat
925 1052 1077 1091 diversa
1109 1052 1181 1090 sub
1213 1053 1317 1104 oris,

213 1120 256 1151 20
276 1111 356 1150 Nec
388 1116 542 1162 poterat
573 1111 641 1149 fati
673 1112 817 1149 certior
850 1122 935 1149 esse
967 1112 1067 1149 mei.

279 1170 535 1220 Quocumque
574 1171 798 1220 aspiceres,
830 1169 960 1207 luctus
998 1170 1244 1220 gemitusque
1283 1168 1495 1221 sonabant,

278 1228 497 1278 Formaque
530 1240 607 1266 non
640 1228 747 1266 taciti
779 1227 928 1265 funeris
959 1229 1066 1265 intus
1098 1232 1205 1266 erat.

278 1285 436 1325 Femina
467 1287 604 1336 virque
637 1298 753 1337 meo,
785 1287 898 1336 pueri
930 1297 1085 1336 quoque
1127 1285 1265 1323 sunere
1297 1291 1496 1338 maerent,

161 1388 170 1396 ⁶
278 1344 401 1395 Inque
433 1344 547 1382 domo
579 1337 758 1382 lacrimas
791 1343 954 1393 angulus
986 1344 1112 1381 omnis
1144 1342 1284 1382 habet:

214 1411 257 1441 25
281 1402 322 1440 Si
354 1402 445 1441 licet
478 1401 664 1452 exemplis
696 1403 736 1440 in
768 1403 897 1452 parvis
929 1401 1141 1452 grandibus
1172 1403 1253 1453 uti,

281 1459 384 1499 Haec
416 1460 534 1498 facies
566 1459 734 1511 Troiae,
767 1471 856 1498 cum
889 1465 1123 1510 caperetur,
1156 1464 1261 1498 erat.

279 1519 436 1569 Iamque
469 1517 722 1569 quiescebant
748 1529 864 1556 voces
894 1517 1175 1568 hominumque
1207 1529 1450 1570 canumque,

279 1577 466 1627 Lunaque
499 1582 713 1615 nocturnos
745 1575 820 1614 alta
851 1575 1010 1626 regebat
1042 1587 1186 1626 equos.

280 1635 388 1673 Hanc
421 1646 491 1685 ego
524 1636 743 1685 suspiciens
775 1639 814 1672 et
846 1633 892 1672 ab
925 1634 997 1672 hac
1030 1633 1217 1684 Capitolia
1248 1645 1438 1687 cernens,

216 1702 260 1733 30
283 1693 388 1738 Quae
421 1698 556 1731 nostro
589 1693 735 1730 frustra
765 1693 897 1730 iuncta
928 1692 1039 1729 suere
1071 1691 1160 1742 lari,

282 1749 463 1789 ‘Numina
495 1751 632 1788 vicinis
664 1749 876 1788 habitantia
908 1746 1107 1801 sedibus',
1138 1751 1297 1799 inquam

282 1807 454 1859 ‘Iamque
487 1807 610 1847 oculis
643 1819 855 1858 numquam
886 1807 1029 1858 templa
1060 1807 1225 1846 videnda
1258 1810 1379 1860 meis,

283 1867 406 1918 Dique
439 1866 715 1917 relinquendi,
749 1878 847 1916 quos
877 1865 973 1904 urbs
1006 1865 1123 1904 habet
1155 1865 1227 1905 alta
1262 1866 1438 1918 Quirini,

283 1925 374 1964 Este
409 1925 563 1963 salutati
594 1930 748 1975 tempus
780 1926 821 1962 in
853 1936 966 1962 omne
998 1922 1116 1962 mihi!

218 1993 261 2023 35
283 1983 332 2022 Et
364 1994 597 2034 quamquam
630 1994 717 2020 sero
750 1982 917 2033 clipeum
949 1988 1037 2033 post
1068 1982 1229 2021 vulnera
1261 1995 1393 2034 sumo,

284 2043 462 2080 Attamen
494 2041 594 2079 hanc
625 2040 723 2078 odiis
756 2045 964 2078 exonerate
997 2041 1150 2091 sugam,
1392 2053 1395 2056 ·

284 2100 527 2149 Caelestique
561 2101 642 2146 viro
661 2129 672 2150 ,
705 2100 792 2149 quis
824 2110 885 2136 me
918 2098 1118 2149 deceperit
1149 2110 1285 2149 error,

284 2158 406 2196 Dicite
427 2189 437 2209 ,
468 2169 539 2209 pro
572 2157 684 2208 culpa
716 2169 764 2195 ne
797 2156 924 2194 scelus
957 2168 1042 2194 esse
1074 2155 1208 2207 putet!

284 2216 334 2254 Ut
365 2215 468 2266 quod
500 2227 567 2253 vos
599 2216 737 2266 scitis,
769 2226 916 2266 poenae
950 2226 1105 2264 quoque
1140 2215 1284 2252 sentiat
1314 2218 1474 2265 auctor,

219 2283 264 2313 40
285 2274 438 2312 Placato
470 2285 631 2323 possum
664 2285 742 2311 non
773 2274 892 2311 miser
924 2284 1010 2310 esse
1043 2272 1115 2311 deo
1131 2270 1153 2310 .'

285 2331 365 2371 Hac
396 2343 514 2382 prece
546 2331 702 2370 adoravi
734 2342 898 2382 superos
931 2342 1032 2382 ego,
1062 2329 1242 2381 pluribus
1273 2342 1394 2381 uxor,
