<?xml version="1.0" encoding="UTF-8"?>
<!DOCTYPE html PUBLIC "-//W3C//DTD XHTML 1.0 Transitional//EN"
    "http://www.w3.org/TR/xhtml1/DTD/xhtml1-transitional.dtd">
<html xmlns="http://www.w3.org/1999/xhtml" xml:lang="en" lang="en">
 <head>
  <title>
</title>
<meta http-equiv="Content-Type" content="text/html;charset=utf-8" />
  <meta name='ocr-system' content='tesseract 3.04.00' />
  <meta name='ocr-capabilities' content='ocr_page ocr_carea ocr_par ocr_line ocrx_word'/>
</head>
<body>
  <div class='ocr_page' id='page_1' title='image "./ovidopera03oviduoft_0395.png"; bbox 0 0 1570 2527; ppageno 0'>
   <div class='ocr_carea' id='block_1_1' title="bbox 581 97 1392 138">
    <p class='ocr_par' dir='ltr' id='par_1_1' title="bbox 581 97 1392 138">
     <span class='ocr_line' id='line_1_1' title="bbox 581 97 1392 138; baseline 0.006 -5"><span class='ocrx_word' id='word_1_1' title='bbox 581 101 642 134; x_wconf 89' lang='lat' dir='ltr'>VI.</span> <span class='ocrx_word' id='word_1_2' title='bbox 670 102 867 134; x_wconf 76' lang='lat'>121—194.</span> <span class='ocrx_word' id='word_1_3' title='bbox 1309 97 1392 138; x_wconf 81' lang='lat'>337</span> 
     </span>
    </p>
   </div>
   <div class='ocr_carea' id='block_1_2' title="bbox 87 209 1395 2427">
    <p class='ocr_par' dir='ltr' id='par_1_2' title="bbox 87 209 1395 2427">
     <span class='ocr_line' id='line_1_2' title="bbox 231 209 1203 262; baseline -0.005 -11"><span class='ocrx_word' id='word_1_4' title='bbox 231 211 407 262; x_wconf 83' lang='lat' dir='ltr'><strong>Extaque</strong></span> <span class='ocrx_word' id='word_1_5' title='bbox 440 210 488 249; x_wconf 88' lang='lat' dir='ltr'>de</span> <span class='ocrx_word' id='word_1_6' title='bbox 521 222 640 261; x_wconf 84' lang='lat' dir='ltr'>porca</span> <span class='ocrx_word' id='word_1_7' title='bbox 673 209 794 248; x_wconf 86' lang='lat' dir='ltr'>cruda</span> <span class='ocrx_word' id='word_1_8' title='bbox 826 209 1041 247; x_wconf 76' lang='lat' dir='ltr'>bimenstre</span> <span class='ocrx_word' id='word_1_9' title='bbox 1074 213 1203 259; x_wconf 82' lang='lat' dir='ltr'>tenet,</span> 
     </span>
     <span class='ocr_line' id='line_1_3' title="bbox 172 263 1288 322; baseline -0.004 -12"><span class='ocrx_word' id='word_1_10' title='bbox 172 273 299 322; x_wconf 85' lang='lat' dir='ltr'><strong>Atque</strong></span> <span class='ocrx_word' id='word_1_11' title='bbox 332 271 385 308; x_wconf 88' lang='lat' dir='ltr'>ita</span> <span class='ocrx_word' id='word_1_12' title='bbox 419 266 568 308; x_wconf 72' lang='lat' dir='ltr'>enoctis</span> <span class='ocrx_word' id='word_1_13' title='bbox 601 280 719 320; x_wconf 77' lang='lat' dir='ltr'>aves,</span> <span class='ocrx_word' id='word_1_14' title='bbox 753 269 852 307; x_wconf 86' lang='lat' dir='ltr'>extis</span> <span class='ocrx_word' id='word_1_15' title='bbox 885 263 1127 319; x_wconf 87' lang='lat' dir='ltr'>puerilibus&#39;</span> <span class='ocrx_word' id='word_1_16' title='bbox 1160 268 1288 318; x_wconf 84' lang='lat' dir='ltr'>inquit</span> 
     </span>
     <span class='ocr_line' id='line_1_4' title="bbox 87 325 1200 378; baseline -0.006 -8"><span class='ocrx_word' id='word_1_17' title='bbox 87 339 154 371; x_wconf 85' lang='grc'>160</span> <span class='ocrx_word' id='word_1_18' title='bbox 234 327 440 367; x_wconf 68' lang='lat' dir='ltr'>‘Parcitet</span> <span class='ocrx_word' id='word_1_19' title='bbox 486 340 557 378; x_wconf 88' lang='lat' dir='ltr'>pro</span> <span class='ocrx_word' id='word_1_20' title='bbox 590 339 708 378; x_wconf 86' lang='lat' dir='ltr'>parvo</span> <span class='ocrx_word' id='word_1_21' title='bbox 740 328 896 365; x_wconf 80' lang='lat' dir='ltr'>victima</span> <span class='ocrx_word' id='word_1_22' title='bbox 929 338 1044 377; x_wconf 87' lang='lat' dir='ltr'>parva</span> <span class='ocrx_word' id='word_1_23' title='bbox 1078 325 1200 364; x_wconf 86' lang='lat' dir='ltr'>cadit.</span> 
     </span>
     <span class='ocr_line' id='line_1_5' title="bbox 173 384 1336 439; baseline -0.004 -12"><span class='ocrx_word' id='word_1_24' title='bbox 173 389 248 428; x_wconf 86' lang='lat' dir='ltr'>Cor</span> <span class='ocrx_word' id='word_1_25' title='bbox 280 399 351 439; x_wconf 86' lang='lat' dir='ltr'>pro</span> <span class='ocrx_word' id='word_1_26' title='bbox 385 386 533 439; x_wconf 79' lang='lat' dir='ltr'>corde,</span> <span class='ocrx_word' id='word_1_27' title='bbox 565 398 737 437; x_wconf 77' lang='lat' dir='ltr'>precor,</span> <span class='ocrx_word' id='word_1_28' title='bbox 770 398 841 436; x_wconf 89' lang='lat' dir='ltr'>pro</span> <span class='ocrx_word' id='word_1_29' title='bbox 874 385 984 423; x_wconf 85' lang='lat' dir='ltr'>fibris</span> <span class='ocrx_word' id='word_1_30' title='bbox 1017 386 1158 423; x_wconf 81' lang='lat' dir='ltr'>sumite</span> <span class='ocrx_word' id='word_1_31' title='bbox 1192 384 1307 423; x_wconf 81' lang='lat' dir='ltr'>fibras</span> <span class='ocrx_word' id='word_1_32' title='bbox 1328 415 1336 422; x_wconf 89' lang='lat'>.</span> 
     </span>
     <span class='ocr_line' id='line_1_6' title="bbox 230 441 1192 495; baseline -0.003 -10"><span class='ocrx_word' id='word_1_33' title='bbox 230 446 340 485; x_wconf 88' lang='lat' dir='ltr'>Hanc</span> <span class='ocrx_word' id='word_1_34' title='bbox 372 447 539 484; x_wconf 88' lang='lat' dir='ltr'>animam</span> <span class='ocrx_word' id='word_1_35' title='bbox 571 444 680 483; x_wconf 89' lang='lat' dir='ltr'>vobis</span> <span class='ocrx_word' id='word_1_36' title='bbox 712 457 784 495; x_wconf 86' lang='lat' dir='ltr'>pro</span> <span class='ocrx_word' id='word_1_37' title='bbox 816 443 978 482; x_wconf 85' lang='lat' dir='ltr'>meliore</span> <span class='ocrx_word' id='word_1_38' title='bbox 1011 441 1192 482; x_wconf 78' lang='lat' dir='ltr'>(lamus.&#39;</span> 
     </span>
     <span class='ocr_line' id='line_1_7' title="bbox 176 502 1213 555; baseline -0.005 -10"><span class='ocrx_word' id='word_1_39' title='bbox 176 506 240 545; x_wconf 92' lang='lat' dir='ltr'>Sic</span> <span class='ocrx_word' id='word_1_40' title='bbox 273 505 340 544; x_wconf 91' lang='lat' dir='ltr'>ubi</span> <span class='ocrx_word' id='word_1_41' title='bbox 372 504 537 555; x_wconf 83' lang='lat' dir='ltr'>libavit,</span> <span class='ocrx_word' id='word_1_42' title='bbox 568 509 750 554; x_wconf 76' lang='lat' dir='ltr'>prosecta</span> <span class='ocrx_word' id='word_1_43' title='bbox 783 502 855 542; x_wconf 86' lang='lat' dir='ltr'>sub</span> <span class='ocrx_word' id='word_1_44' title='bbox 889 503 1046 542; x_wconf 82' lang='lat' dir='ltr'>aethere</span> <span class='ocrx_word' id='word_1_45' title='bbox 1080 503 1213 554; x_wconf 80' lang='lat' dir='ltr'>ponit,</span> 
     </span>
     <span class='ocr_line' id='line_1_8' title="bbox 234 561 1220 614; baseline -0.002 -12"><span class='ocrx_word' id='word_1_46' title='bbox 234 565 388 614; x_wconf 87' lang='lat' dir='ltr'>Quique</span> <span class='ocrx_word' id='word_1_47' title='bbox 423 562 551 602; x_wconf 82' lang='lat' dir='ltr'>adsint</span> <span class='ocrx_word' id='word_1_48' title='bbox 584 564 704 601; x_wconf 87' lang='lat' dir='ltr'>sacris</span> <span class='ocrx_word' id='word_1_49' title='bbox 725 594 735 613; x_wconf 89' lang='lat'><em>,</em></span> <span class='ocrx_word' id='word_1_50' title='bbox 768 563 967 613; x_wconf 83' lang='lat' dir='ltr'>respicere</span> <span class='ocrx_word' id='word_1_51' title='bbox 999 561 1062 600; x_wconf 89' lang='lat' dir='ltr'>illa</span> <span class='ocrx_word' id='word_1_52' title='bbox 1095 566 1220 600; x_wconf 81' lang='lat' dir='ltr'>vetat:</span> 
     </span>
     <span class='ocr_line' id='line_1_9' title="bbox 87 620 1099 674; baseline -0.005 -11"><span class='ocrx_word' id='word_1_53' title='bbox 87 631 153 664; x_wconf 87' lang='lat'>165</span> <span class='ocrx_word' id='word_1_54' title='bbox 175 623 371 674; x_wconf 86' lang='lat' dir='ltr'>Virgaque</span> <span class='ocrx_word' id='word_1_55' title='bbox 405 622 544 660; x_wconf 87' lang='lat' dir='ltr'>Ianalis</span> <span class='ocrx_word' id='word_1_56' title='bbox 577 621 625 660; x_wconf 87' lang='lat' dir='ltr'>de</span> <span class='ocrx_word' id='word_1_57' title='bbox 659 622 769 672; x_wconf 86' lang='lat' dir='ltr'>spina</span> <span class='ocrx_word' id='word_1_58' title='bbox 800 622 961 672; x_wconf 89' lang='lat' dir='ltr'>ponitur</span> <span class='ocrx_word' id='word_1_59' title='bbox 993 620 1099 672; x_wconf 78' lang='lat' dir='ltr'>alba,</span> 
     </span>
     <span class='ocr_line' id='line_1_10' title="bbox 236 678 1220 731; baseline -0.002 -11"><span class='ocrx_word' id='word_1_60' title='bbox 236 682 320 727; x_wconf 85' lang='lat' dir='ltr'>Qua</span> <span class='ocrx_word' id='word_1_61' title='bbox 353 681 485 719; x_wconf 89' lang='lat' dir='ltr'>lumen</span> <span class='ocrx_word' id='word_1_62' title='bbox 519 680 697 719; x_wconf 78' lang='lat' dir='ltr'>thalamis</span> <span class='ocrx_word' id='word_1_63' title='bbox 730 692 846 731; x_wconf 85' lang='lat' dir='ltr'>parva</span> <span class='ocrx_word' id='word_1_64' title='bbox 879 680 1050 718; x_wconf 79' lang='lat' dir='ltr'>fenestra</span> <span class='ocrx_word' id='word_1_65' title='bbox 1083 678 1220 718; x_wconf 83' lang='lat' dir='ltr'>dabat.</span> 
     </span>
     <span class='ocr_line' id='line_1_11' title="bbox 179 737 1216 789; baseline -0.003 -10"><span class='ocrx_word' id='word_1_66' title='bbox 179 741 272 780; x_wconf 85' lang='lat' dir='ltr'>Post</span> <span class='ocrx_word' id='word_1_67' title='bbox 303 739 397 779; x_wconf 88' lang='lat' dir='ltr'>illud</span> <span class='ocrx_word' id='word_1_68' title='bbox 432 752 504 778; x_wconf 90' lang='lat' dir='ltr'>nec</span> <span class='ocrx_word' id='word_1_69' title='bbox 538 752 626 778; x_wconf 88' lang='lat' dir='ltr'>aves</span> <span class='ocrx_word' id='word_1_70' title='bbox 660 751 780 777; x_wconf 90' lang='lat' dir='ltr'>cunas</span> <span class='ocrx_word' id='word_1_71' title='bbox 813 737 977 777; x_wconf 88' lang='lat' dir='ltr'>violasse</span> <span class='ocrx_word' id='word_1_72' title='bbox 1009 739 1216 789; x_wconf 84' lang='lat' dir='ltr'>feruntur,</span> 
     </span>
     <span class='ocr_line' id='line_1_12' title="bbox 236 796 1138 850; baseline -0.001 -13"><span class='ocrx_word' id='word_1_73' title='bbox 236 799 285 838; x_wconf 88' lang='lat' dir='ltr'>Et</span> <span class='ocrx_word' id='word_1_74' title='bbox 317 799 434 837; x_wconf 86' lang='lat' dir='ltr'>rediit</span> <span class='ocrx_word' id='word_1_75' title='bbox 465 810 619 850; x_wconf 81' lang='lat' dir='ltr'>puero,</span> <span class='ocrx_word' id='word_1_76' title='bbox 653 799 720 848; x_wconf 92' lang='lat' dir='ltr'>qui</span> <span class='ocrx_word' id='word_1_77' title='bbox 752 798 825 836; x_wconf 86' lang='lat' dir='ltr'>suit</span> <span class='ocrx_word' id='word_1_78' title='bbox 857 803 945 836; x_wconf 86' lang='lat' dir='ltr'>ante</span> <span class='ocrx_word' id='word_1_79' title='bbox 965 828 975 845; x_wconf 88' lang='lat'><strong><em>,</em></strong></span> <span class='ocrx_word' id='word_1_80' title='bbox 1009 796 1138 836; x_wconf 88' lang='lat' dir='ltr'>color.</span> 
     </span>
     <span class='ocr_line' id='line_1_13' title="bbox 178 855 1176 909; baseline -0.004 -12"><span class='ocrx_word' id='word_1_81' title='bbox 178 859 342 909; x_wconf 84' lang='lat' dir='ltr'>Pinguia</span> <span class='ocrx_word' id='word_1_82' title='bbox 376 869 447 896; x_wconf 87' lang='lat' dir='ltr'>cur</span> <span class='ocrx_word' id='word_1_83' title='bbox 480 856 556 895; x_wconf 92' lang='lat' dir='ltr'>illis</span> <span class='ocrx_word' id='word_1_84' title='bbox 589 861 799 907; x_wconf 84' lang='lat' dir='ltr'>gustentur</span> <span class='ocrx_word' id='word_1_85' title='bbox 831 855 938 894; x_wconf 88' lang='lat' dir='ltr'>larda</span> <span class='ocrx_word' id='word_1_86' title='bbox 969 855 1176 906; x_wconf 77' lang='lat' dir='ltr'>Kalendis,</span> 
     </span>
     <span class='ocr_line' id='line_1_14' title="bbox 92 911 1266 967; baseline -0.004 -11"><span class='ocrx_word' id='word_1_87' title='bbox 92 926 158 958; x_wconf 82' lang='lat'>170</span> <span class='ocrx_word' id='word_1_88' title='bbox 238 917 434 967; x_wconf 77' lang='lat' dir='ltr'>Mixtaque</span> <span class='ocrx_word' id='word_1_89' title='bbox 468 927 558 954; x_wconf 89' lang='lat' dir='ltr'>cum</span> <span class='ocrx_word' id='word_1_90' title='bbox 592 914 716 954; x_wconf 87' lang='lat' dir='ltr'>calido</span> <span class='ocrx_word' id='word_1_91' title='bbox 749 915 800 952; x_wconf 86' lang='lat' dir='ltr'>sit</span> <span class='ocrx_word' id='word_1_92' title='bbox 832 914 918 952; x_wconf 84' lang='lat' dir='ltr'>faba</span> <span class='ocrx_word' id='word_1_93' title='bbox 951 915 1083 966; x_wconf 84' lang='lat' dir='ltr'>farre,</span> <span class='ocrx_word' id='word_1_94' title='bbox 1116 911 1266 964; x_wconf 74' lang='lat' dir='ltr'>rogas?</span> 
     </span>
     <span class='ocr_line' id='line_1_15' title="bbox 176 971 1395 1026; baseline -0.002 -12"><span class='ocrx_word' id='word_1_95' title='bbox 176 976 309 1014; x_wconf 89' lang='lat' dir='ltr'>Prisca</span> <span class='ocrx_word' id='word_1_96' title='bbox 342 975 413 1013; x_wconf 89' lang='lat' dir='ltr'>dea</span> <span class='ocrx_word' id='word_1_97' title='bbox 447 979 534 1026; x_wconf 82' lang='lat' dir='ltr'>est,</span> <span class='ocrx_word' id='word_1_98' title='bbox 567 974 762 1024; x_wconf 80' lang='lat' dir='ltr'>aliturque</span> <span class='ocrx_word' id='word_1_99' title='bbox 795 972 892 1011; x_wconf 83' lang='lat' dir='ltr'>cibis</span> <span class='ocrx_word' id='word_1_100' title='bbox 927 972 1070 1023; x_wconf 91' lang='lat' dir='ltr'>quibus</span> <span class='ocrx_word' id='word_1_101' title='bbox 1104 979 1192 1012; x_wconf 89' lang='lat' dir='ltr'>ante</span> <span class='ocrx_word' id='word_1_102' title='bbox 1225 971 1395 1025; x_wconf 84' lang='lat' dir='ltr'>solebat,</span> 
     </span>
     <span class='ocr_line' id='line_1_16' title="bbox 239 1031 1030 1084; baseline -0.005 -11"><span class='ocrx_word' id='word_1_103' title='bbox 239 1034 320 1073; x_wconf 89' lang='lat' dir='ltr'>Nec</span> <span class='ocrx_word' id='word_1_104' title='bbox 352 1035 451 1084; x_wconf 84' lang='lat' dir='ltr'>petit</span> <span class='ocrx_word' id='word_1_105' title='bbox 483 1034 623 1072; x_wconf 86' lang='lat' dir='ltr'>ascitas</span> <span class='ocrx_word' id='word_1_106' title='bbox 655 1032 855 1071; x_wconf 84' lang='lat' dir='ltr'>luxuriosa</span> <span class='ocrx_word' id='word_1_107' title='bbox 889 1031 1030 1082; x_wconf 85' lang='lat' dir='ltr'>dapes.</span> 
     </span>
     <span class='ocr_line' id='line_1_17' title="bbox 180 1089 1226 1143; baseline -0.004 -11"><span class='ocrx_word' id='word_1_108' title='bbox 180 1093 304 1132; x_wconf 84' lang='lat' dir='ltr'>Piscis</span> <span class='ocrx_word' id='word_1_109' title='bbox 337 1091 463 1131; x_wconf 83' lang='lat' dir='ltr'>adhuc</span> <span class='ocrx_word' id='word_1_110' title='bbox 496 1091 551 1130; x_wconf 84' lang='lat' dir='ltr'>illi</span> <span class='ocrx_word' id='word_1_111' title='bbox 583 1091 726 1143; x_wconf 90' lang='lat' dir='ltr'>populo</span> <span class='ocrx_word' id='word_1_112' title='bbox 760 1092 843 1129; x_wconf 89' lang='lat' dir='ltr'>sine</span> <span class='ocrx_word' id='word_1_113' title='bbox 877 1090 1012 1129; x_wconf 82' lang='lat' dir='ltr'>fraude</span> <span class='ocrx_word' id='word_1_114' title='bbox 1046 1089 1226 1142; x_wconf 80' lang='lat' dir='ltr'>natabat,</span> 
     </span>
     <span class='ocr_line' id='line_1_18' title="bbox 240 1149 1124 1201; baseline -0.003 -11"><span class='ocrx_word' id='word_1_115' title='bbox 240 1151 461 1201; x_wconf 87' lang='lat' dir='ltr'>Ostreaque</span> <span class='ocrx_word' id='word_1_116' title='bbox 495 1152 534 1189; x_wconf 90' lang='lat' dir='ltr'>in</span> <span class='ocrx_word' id='word_1_117' title='bbox 568 1149 727 1188; x_wconf 84' lang='lat' dir='ltr'>conchis</span> <span class='ocrx_word' id='word_1_118' title='bbox 760 1154 843 1188; x_wconf 87' lang='lat' dir='ltr'>tuta</span> <span class='ocrx_word' id='word_1_119' title='bbox 875 1149 986 1187; x_wconf 87' lang='lat' dir='ltr'>fuere</span> <span class='ocrx_word' id='word_1_120' title='bbox 1020 1150 1124 1188; x_wconf 88' lang='lat' dir='ltr'>suis.</span> 
     </span>
     <span class='ocr_line' id='line_1_19' title="bbox 94 1207 1268 1261; baseline -0.004 -11"><span class='ocrx_word' id='word_1_121' title='bbox 94 1219 159 1251; x_wconf 82' lang='lat'>175</span> <span class='ocrx_word' id='word_1_122' title='bbox 181 1210 261 1249; x_wconf 88' lang='lat' dir='ltr'>Nec</span> <span class='ocrx_word' id='word_1_123' title='bbox 294 1210 448 1249; x_wconf 86' lang='lat' dir='ltr'>Latium</span> <span class='ocrx_word' id='word_1_124' title='bbox 481 1214 623 1261; x_wconf 84' lang='lat' dir='ltr'>norat,</span> <span class='ocrx_word' id='word_1_125' title='bbox 657 1220 771 1259; x_wconf 86' lang='lat' dir='ltr'>quam</span> <span class='ocrx_word' id='word_1_126' title='bbox 804 1207 967 1259; x_wconf 86' lang='lat' dir='ltr'>praebet</span> <span class='ocrx_word' id='word_1_127' title='bbox 998 1207 1104 1246; x_wconf 84' lang='lat' dir='ltr'>Ionia</span> <span class='ocrx_word' id='word_1_128' title='bbox 1137 1207 1268 1259; x_wconf 87' lang='lat' dir='ltr'>dives,</span> 
     </span>
     <span class='ocr_line' id='line_1_20' title="bbox 237 1266 1267 1320; baseline -0.003 -12"><span class='ocrx_word' id='word_1_129' title='bbox 237 1269 317 1308; x_wconf 81' lang='lat' dir='ltr'>Nec</span> <span class='ocrx_word' id='word_1_130' title='bbox 350 1281 449 1320; x_wconf 83' lang='lat' dir='ltr'>quae</span> <span class='ocrx_word' id='word_1_131' title='bbox 482 1267 674 1319; x_wconf 80' lang='lat' dir='ltr'>Pygmaeo</span> <span class='ocrx_word' id='word_1_132' title='bbox 708 1268 896 1317; x_wconf 84' lang='lat' dir='ltr'>sanguine</span> <span class='ocrx_word' id='word_1_133' title='bbox 929 1266 1101 1318; x_wconf 82' lang='lat' dir='ltr'>gaudet,</span> <span class='ocrx_word' id='word_1_134' title='bbox 1134 1278 1267 1318; x_wconf 78' lang='lat' dir='ltr'>avem3</span> 
     </span>
     <span class='ocr_line' id='line_1_21' title="bbox 179 1324 1206 1380; baseline -0.002 -13"><span class='ocrx_word' id='word_1_135' title='bbox 179 1328 229 1368; x_wconf 91' lang='lat' dir='ltr'>Et</span> <span class='ocrx_word' id='word_1_136' title='bbox 259 1333 418 1380; x_wconf 85' lang='lat' dir='ltr'>praeter</span> <span class='ocrx_word' id='word_1_137' title='bbox 450 1328 590 1378; x_wconf 82' lang='lat' dir='ltr'>pinnas</span> <span class='ocrx_word' id='word_1_138' title='bbox 624 1326 719 1364; x_wconf 88' lang='lat' dir='ltr'>nihil</span> <span class='ocrx_word' id='word_1_139' title='bbox 751 1327 790 1364; x_wconf 92' lang='lat' dir='ltr'>in</span> <span class='ocrx_word' id='word_1_140' title='bbox 824 1337 973 1376; x_wconf 84' lang='lat' dir='ltr'>pavone</span> <span class='ocrx_word' id='word_1_141' title='bbox 1007 1324 1206 1376; x_wconf 88' lang='lat' dir='ltr'>placebat.</span> 
     </span>
     <span class='ocr_line' id='line_1_22' title="bbox 239 1384 1106 1437; baseline -0.005 -11"><span class='ocrx_word' id='word_1_142' title='bbox 239 1387 320 1426; x_wconf 87' lang='lat' dir='ltr'>Nec</span> <span class='ocrx_word' id='word_1_143' title='bbox 352 1386 468 1426; x_wconf 89' lang='lat' dir='ltr'>tellus</span> <span class='ocrx_word' id='word_1_144' title='bbox 501 1392 633 1437; x_wconf 84' lang='lat' dir='ltr'>captas</span> <span class='ocrx_word' id='word_1_145' title='bbox 665 1386 826 1423; x_wconf 83' lang='lat' dir='ltr'>miserat</span> <span class='ocrx_word' id='word_1_146' title='bbox 858 1389 946 1423; x_wconf 87' lang='lat' dir='ltr'>ante</span> <span class='ocrx_word' id='word_1_147' title='bbox 979 1384 1106 1423; x_wconf 87' lang='lat' dir='ltr'>feras.</span> 
     </span>
     <span class='ocr_line' id='line_1_23' title="bbox 183 1442 1248 1496; baseline -0.004 -11"><span class='ocrx_word' id='word_1_148' title='bbox 183 1446 259 1486; x_wconf 78' lang='lat' dir='ltr'>Sus</span> <span class='ocrx_word' id='word_1_149' title='bbox 292 1451 376 1485; x_wconf 85' lang='lat' dir='ltr'>erat</span> <span class='ocrx_word' id='word_1_150' title='bbox 406 1447 446 1484; x_wconf 93' lang='lat' dir='ltr'>in</span> <span class='ocrx_word' id='word_1_151' title='bbox 479 1446 636 1496; x_wconf 78' lang='lat' dir='ltr'>pretio,</span> <span class='ocrx_word' id='word_1_152' title='bbox 669 1456 780 1483; x_wconf 86' lang='lat' dir='ltr'>caesa</span> <span class='ocrx_word' id='word_1_153' title='bbox 813 1456 882 1482; x_wconf 90' lang='lat' dir='ltr'>sue</span> <span class='ocrx_word' id='word_1_154' title='bbox 915 1444 1012 1482; x_wconf 85' lang='lat' dir='ltr'>festa</span> <span class='ocrx_word' id='word_1_155' title='bbox 1046 1442 1248 1482; x_wconf 88' lang='lat' dir='ltr'>colebant.</span> 
     </span>
     <span class='ocr_line' id='line_1_24' title="bbox 94 1501 1201 1553; baseline -0.005 -8"><span class='ocrx_word' id='word_1_156' title='bbox 94 1514 160 1545; x_wconf 87' lang='lat'>180</span> <span class='ocrx_word' id='word_1_157' title='bbox 239 1504 361 1543; x_wconf 87' lang='lat' dir='ltr'>Terra</span> <span class='ocrx_word' id='word_1_158' title='bbox 394 1503 500 1543; x_wconf 79' lang='lat' dir='ltr'>fabas</span> <span class='ocrx_word' id='word_1_159' title='bbox 533 1508 686 1542; x_wconf 85' lang='lat' dir='ltr'>tantum</span> <span class='ocrx_word' id='word_1_160' title='bbox 719 1502 894 1553; x_wconf 85' lang='lat' dir='ltr'>duraque</span> <span class='ocrx_word' id='word_1_161' title='bbox 927 1502 1031 1540; x_wconf 86' lang='lat' dir='ltr'>farra</span> <span class='ocrx_word' id='word_1_162' title='bbox 1063 1501 1201 1541; x_wconf 86' lang='lat' dir='ltr'>dabat.</span> 
     </span>
     <span class='ocr_line' id='line_1_25' title="bbox 182 1559 1343 1612; baseline -0.003 -9"><span class='ocrx_word' id='word_1_163' title='bbox 182 1564 289 1610; x_wconf 87' lang='lat' dir='ltr'>Quae</span> <span class='ocrx_word' id='word_1_164' title='bbox 324 1563 401 1602; x_wconf 91' lang='lat' dir='ltr'>duo</span> <span class='ocrx_word' id='word_1_165' title='bbox 435 1564 553 1601; x_wconf 84' lang='lat' dir='ltr'>mixta</span> <span class='ocrx_word' id='word_1_166' title='bbox 586 1561 703 1600; x_wconf 89' lang='lat' dir='ltr'>simul</span> <span class='ocrx_word' id='word_1_167' title='bbox 735 1562 855 1600; x_wconf 85' lang='lat' dir='ltr'>sextis</span> <span class='ocrx_word' id='word_1_168' title='bbox 889 1562 1128 1612; x_wconf 88' lang='lat' dir='ltr'>quicumque</span> <span class='ocrx_word' id='word_1_169' title='bbox 1161 1559 1343 1600; x_wconf 83' lang='lat' dir='ltr'>Kalendis</span> 
     </span>
     <span class='ocr_line' id='line_1_26' title="bbox 239 1620 1190 1674; baseline -0.003 -13"><span class='ocrx_word' id='word_1_170' title='bbox 239 1622 375 1661; x_wconf 82' lang='lat' dir='ltr'>Ederit</span> <span class='ocrx_word' id='word_1_171' title='bbox 394 1654 404 1674; x_wconf 85' lang='lat'><em>‚</em></span> <span class='ocrx_word' id='word_1_172' title='bbox 435 1622 528 1660; x_wconf 91' lang='lat' dir='ltr'>huic</span> <span class='ocrx_word' id='word_1_173' title='bbox 560 1620 660 1659; x_wconf 88' lang='lat' dir='ltr'>laedi</span> <span class='ocrx_word' id='word_1_174' title='bbox 694 1622 842 1659; x_wconf 87' lang='lat' dir='ltr'>viscera</span> <span class='ocrx_word' id='word_1_175' title='bbox 872 1632 988 1671; x_wconf 84' lang='lat' dir='ltr'>posse</span> <span class='ocrx_word' id='word_1_176' title='bbox 1020 1625 1190 1670; x_wconf 87' lang='lat' dir='ltr'>negant.</span> 
     </span>
     <span class='ocr_line' id='line_1_27' title="bbox 181 1677 1286 1732; baseline -0.003 -13"><span class='ocrx_word' id='word_1_177' title='bbox 181 1682 281 1720; x_wconf 77' lang='lat' dir='ltr'>Arce</span> <span class='ocrx_word' id='word_1_178' title='bbox 315 1693 472 1732; x_wconf 87' lang='lat' dir='ltr'>quoque</span> <span class='ocrx_word' id='word_1_179' title='bbox 506 1681 545 1718; x_wconf 93' lang='lat' dir='ltr'>in</span> <span class='ocrx_word' id='word_1_180' title='bbox 578 1692 728 1719; x_wconf 88' lang='lat' dir='ltr'>summa</span> <span class='ocrx_word' id='word_1_181' title='bbox 760 1679 902 1718; x_wconf 90' lang='lat' dir='ltr'>Iunoni</span> <span class='ocrx_word' id='word_1_182' title='bbox 934 1678 1076 1729; x_wconf 87' lang='lat' dir='ltr'>templa</span> <span class='ocrx_word' id='word_1_183' title='bbox 1109 1677 1286 1717; x_wconf 86' lang='lat' dir='ltr'>Monetae</span> 
     </span>
     <span class='ocr_line' id='line_1_28' title="bbox 240 1737 1180 1789; baseline -0.003 -11"><span class='ocrx_word' id='word_1_184' title='bbox 240 1740 297 1778; x_wconf 87' lang='lat' dir='ltr'>Ex</span> <span class='ocrx_word' id='word_1_185' title='bbox 332 1746 419 1778; x_wconf 90' lang='lat' dir='ltr'>voto</span> <span class='ocrx_word' id='word_1_186' title='bbox 452 1745 672 1778; x_wconf 86' lang='lat' dir='ltr'>memorant</span> <span class='ocrx_word' id='word_1_187' title='bbox 704 1739 804 1777; x_wconf 80' lang='lat' dir='ltr'>sacta</span> <span class='ocrx_word' id='word_1_188' title='bbox 824 1770 834 1789; x_wconf 85' lang='lat'><em>,</em></span> <span class='ocrx_word' id='word_1_189' title='bbox 868 1737 1024 1777; x_wconf 87' lang='lat' dir='ltr'>Camille</span> <span class='ocrx_word' id='word_1_190' title='bbox 1044 1768 1055 1789; x_wconf 68' lang='lat'><em>7</em></span> <span class='ocrx_word' id='word_1_191' title='bbox 1088 1744 1180 1776; x_wconf 90' lang='lat' dir='ltr'>tuo.</span> 
     </span>
     <span class='ocr_line' id='line_1_29' title="bbox 96 1795 1296 1848; baseline -0.003 -10"><span class='ocrx_word' id='word_1_192' title='bbox 96 1807 160 1840; x_wconf 85' lang='lat'>185</span> <span class='ocrx_word' id='word_1_193' title='bbox 181 1800 280 1838; x_wconf 86' lang='lat' dir='ltr'>Ante</span> <span class='ocrx_word' id='word_1_194' title='bbox 313 1799 453 1837; x_wconf 90' lang='lat' dir='ltr'>domus</span> <span class='ocrx_word' id='word_1_195' title='bbox 485 1797 602 1836; x_wconf 88' lang='lat' dir='ltr'>Manli</span> <span class='ocrx_word' id='word_1_196' title='bbox 634 1798 789 1848; x_wconf 82' lang='lat' dir='ltr'>suerat,</span> <span class='ocrx_word' id='word_1_197' title='bbox 823 1798 890 1847; x_wconf 92' lang='lat' dir='ltr'>qui</span> <span class='ocrx_word' id='word_1_198' title='bbox 924 1796 1067 1835; x_wconf 89' lang='lat' dir='ltr'>Gallica</span> <span class='ocrx_word' id='word_1_199' title='bbox 1100 1795 1296 1847; x_wconf 86' lang='lat' dir='ltr'>quondam</span> 
     </span>
     <span class='ocr_line' id='line_1_30' title="bbox 239 1854 1007 1908; baseline -0.003 -12"><span class='ocrx_word' id='word_1_200' title='bbox 239 1858 269 1896; x_wconf 90' lang='lat' dir='ltr'><strong>A</strong></span> <span class='ocrx_word' id='word_1_201' title='bbox 303 1857 519 1908; x_wconf 90' lang='lat' dir='ltr'>Capitolino</span> <span class='ocrx_word' id='word_1_202' title='bbox 551 1856 724 1908; x_wconf 88' lang='lat' dir='ltr'>reppulit</span> <span class='ocrx_word' id='word_1_203' title='bbox 756 1868 860 1894; x_wconf 85' lang='lat' dir='ltr'>arma</span> <span class='ocrx_word' id='word_1_204' title='bbox 893 1854 1007 1895; x_wconf 80' lang='lat' dir='ltr'>lore.</span> 
     </span>
     <span class='ocr_line' id='line_1_31' title="bbox 182 1912 1338 1967; baseline -0.003 -12"><span class='ocrx_word' id='word_1_205' title='bbox 182 1917 304 1962; x_wconf 85' lang='lat' dir='ltr'>Quam</span> <span class='ocrx_word' id='word_1_206' title='bbox 337 1915 437 1954; x_wconf 85' lang='lat' dir='ltr'>bene</span> <span class='ocrx_word' id='word_1_207' title='bbox 457 1947 467 1967; x_wconf 90' lang='lat'>‚</span> <span class='ocrx_word' id='word_1_208' title='bbox 500 1916 538 1954; x_wconf 89' lang='lat' dir='ltr'>di</span> <span class='ocrx_word' id='word_1_209' title='bbox 570 1914 728 1966; x_wconf 84' lang='lat' dir='ltr'>magni!</span> <span class='ocrx_word' id='word_1_210' title='bbox 772 1927 902 1966; x_wconf 86' lang='lat' dir='ltr'>pugna</span> <span class='ocrx_word' id='word_1_211' title='bbox 935 1913 1144 1952; x_wconf 86' lang='lat' dir='ltr'>cecidisset</span> <span class='ocrx_word' id='word_1_212' title='bbox 1175 1914 1214 1952; x_wconf 93' lang='lat' dir='ltr'>in</span> <span class='ocrx_word' id='word_1_213' title='bbox 1247 1912 1338 1965; x_wconf 86' lang='lat' dir='ltr'>illa,</span> 
     </span>
     <span class='ocr_line' id='line_1_32' title="bbox 241 1971 1039 2025; baseline -0.004 -12"><span class='ocrx_word' id='word_1_214' title='bbox 241 1974 434 2013; x_wconf 84' lang='lat' dir='ltr'>Defensor</span> <span class='ocrx_word' id='word_1_215' title='bbox 466 1974 580 2024; x_wconf 83' lang='lat' dir='ltr'>solii,</span> <span class='ocrx_word' id='word_1_216' title='bbox 613 1973 790 2024; x_wconf 83' lang='lat' dir='ltr'>Iuppiter</span> <span class='ocrx_word' id='word_1_217' title='bbox 822 1973 926 2025; x_wconf 85' lang='lat' dir='ltr'>alte,</span> <span class='ocrx_word' id='word_1_218' title='bbox 958 1971 1039 2011; x_wconf 77' lang='lat' dir='ltr'>tui!</span> 
     </span>
     <span class='ocr_line' id='line_1_33' title="bbox 180 2031 1219 2085; baseline -0.001 -14"><span class='ocrx_word' id='word_1_219' title='bbox 180 2033 283 2072; x_wconf 85' lang='lat' dir='ltr'>Vixit</span> <span class='ocrx_word' id='word_1_220' title='bbox 301 2065 312 2085; x_wconf 83' lang='lat'><em>‚</em></span> <span class='ocrx_word' id='word_1_221' title='bbox 343 2038 388 2072; x_wconf 88' lang='lat' dir='ltr'>ut</span> <span class='ocrx_word' id='word_1_222' title='bbox 419 2032 618 2071; x_wconf 85' lang='lat' dir='ltr'>occideret</span> <span class='ocrx_word' id='word_1_223' title='bbox 650 2031 854 2070; x_wconf 86' lang='lat' dir='ltr'>damnatus</span> <span class='ocrx_word' id='word_1_224' title='bbox 887 2032 1051 2070; x_wconf 89' lang='lat' dir='ltr'>crimine</span> <span class='ocrx_word' id='word_1_225' title='bbox 1083 2032 1219 2082; x_wconf 85' lang='lat' dir='ltr'>regni.</span> 
     </span>
     <span class='ocr_line' id='line_1_34' title="bbox 94 2089 1135 2141; baseline -0.004 -9"><span class='ocrx_word' id='word_1_226' title='bbox 94 2101 160 2133; x_wconf 88' lang='lat'>190</span> <span class='ocrx_word' id='word_1_227' title='bbox 239 2092 352 2131; x_wconf 86' lang='lat' dir='ltr'>Hunc</span> <span class='ocrx_word' id='word_1_228' title='bbox 385 2091 441 2130; x_wconf 92' lang='lat' dir='ltr'>illi</span> <span class='ocrx_word' id='word_1_229' title='bbox 474 2091 629 2130; x_wconf 83' lang='lat' dir='ltr'>titulum</span> <span class='ocrx_word' id='word_1_230' title='bbox 662 2090 775 2141; x_wconf 83' lang='lat' dir='ltr'>longa</span> <span class='ocrx_word' id='word_1_231' title='bbox 809 2096 967 2129; x_wconf 85' lang='lat' dir='ltr'>senecta</span> <span class='ocrx_word' id='word_1_232' title='bbox 999 2089 1135 2129; x_wconf 84' lang='lat' dir='ltr'>dabat.</span> 
     </span>
     <span class='ocr_line' id='line_1_35' title="bbox 180 2150 1335 2201; baseline -0.003 -11"><span class='ocrx_word' id='word_1_233' title='bbox 180 2151 262 2191; x_wconf 88' lang='lat' dir='ltr'>Lux</span> <span class='ocrx_word' id='word_1_234' title='bbox 296 2150 430 2189; x_wconf 88' lang='lat' dir='ltr'>eadem</span> <span class='ocrx_word' id='word_1_235' title='bbox 462 2150 577 2188; x_wconf 85' lang='lat' dir='ltr'>Marti</span> <span class='ocrx_word' id='word_1_236' title='bbox 609 2150 705 2189; x_wconf 84' lang='lat' dir='ltr'>festa</span> <span class='ocrx_word' id='word_1_237' title='bbox 740 2155 822 2201; x_wconf 87' lang='lat' dir='ltr'>est,</span> <span class='ocrx_word' id='word_1_238' title='bbox 855 2161 971 2200; x_wconf 88' lang='lat' dir='ltr'>quem</span> <span class='ocrx_word' id='word_1_239' title='bbox 1002 2150 1194 2200; x_wconf 84' lang='lat' dir='ltr'>prospicit</span> <span class='ocrx_word' id='word_1_240' title='bbox 1226 2154 1335 2188; x_wconf 78' lang='lat' dir='ltr'>extra</span> 
     </span>
     <span class='ocr_line' id='line_1_36' title="bbox 239 2208 1119 2261; baseline -0.003 -12"><span class='ocrx_word' id='word_1_241' title='bbox 239 2211 472 2261; x_wconf 86' lang='lat' dir='ltr'>Appositum</span> <span class='ocrx_word' id='word_1_242' title='bbox 505 2209 647 2247; x_wconf 87' lang='lat' dir='ltr'>Tectae</span> <span class='ocrx_word' id='word_1_243' title='bbox 680 2214 792 2260; x_wconf 88' lang='lat' dir='ltr'>porta</span> <span class='ocrx_word' id='word_1_244' title='bbox 826 2208 980 2259; x_wconf 86' lang='lat' dir='ltr'>Capena</span> <span class='ocrx_word' id='word_1_245' title='bbox 1014 2209 1119 2247; x_wconf 89' lang='lat' dir='ltr'>viae.</span> 
     </span>
     <span class='ocr_line' id='line_1_37' title="bbox 180 2266 1376 2321; baseline -0.001 -15"><span class='ocrx_word' id='word_1_246' title='bbox 180 2269 234 2308; x_wconf 90' lang='lat' dir='ltr'>Te</span> <span class='ocrx_word' id='word_1_247' title='bbox 267 2281 453 2321; x_wconf 85' lang='lat' dir='ltr'>quoque,</span> <span class='ocrx_word' id='word_1_248' title='bbox 487 2268 746 2319; x_wconf 83' lang='lat' dir='ltr'>Tempestas,</span> <span class='ocrx_word' id='word_1_249' title='bbox 779 2269 958 2306; x_wconf 85' lang='lat' dir='ltr'>meritam</span> <span class='ocrx_word' id='word_1_250' title='bbox 991 2266 1154 2306; x_wconf 85' lang='lat' dir='ltr'>delubra</span> <span class='ocrx_word' id='word_1_251' title='bbox 1186 2267 1376 2318; x_wconf 75' lang='lat' dir='ltr'>fatemur,</span> 
     </span>
     <span class='ocr_line' id='line_1_38' title="bbox 240 2326 1258 2379; baseline -0.002 -13"><span class='ocrx_word' id='word_1_252' title='bbox 240 2327 336 2366; x_wconf 89' lang='lat' dir='ltr'>Cum</span> <span class='ocrx_word' id='word_1_253' title='bbox 368 2340 490 2379; x_wconf 89' lang='lat' dir='ltr'>paene</span> <span class='ocrx_word' id='word_1_254' title='bbox 525 2332 584 2366; x_wconf 77' lang='lat' dir='ltr'>est</span> <span class='ocrx_word' id='word_1_255' title='bbox 617 2326 749 2366; x_wconf 85' lang='lat' dir='ltr'>Corsis</span> <span class='ocrx_word' id='word_1_256' title='bbox 783 2326 922 2365; x_wconf 84' lang='lat' dir='ltr'>obruta</span> <span class='ocrx_word' id='word_1_257' title='bbox 956 2326 1092 2365; x_wconf 84' lang='lat' dir='ltr'>classis</span> <span class='ocrx_word' id='word_1_258' title='bbox 1125 2328 1258 2377; x_wconf 83' lang='lat' dir='ltr'>aquis.</span> 
     </span>
     <span class='ocr_line' id='line_1_39' title="bbox 132 2396 1191 2427; baseline 0 -1"><span class='ocrx_word' id='word_1_259' title='bbox 132 2400 239 2427; x_wconf 80' lang='lat' dir='ltr'>ovm.</span> <span class='ocrx_word' id='word_1_260' title='bbox 270 2401 328 2426; x_wconf 82' lang='lat'>111.</span> <span class='ocrx_word' id='word_1_261' title='bbox 1148 2396 1191 2426; x_wconf 81' lang='lat'>22</span> 
     </span>
    </p>
   </div>
  </div>
 </body>
</html>
