1570 2527
518 124 578 157 IV.
606 132 621 156 1
641 126 815 157 34—106.
1285 122 1340 164 63

115 234 262 284 Aspera
294 232 454 271 militiae
486 233 637 271 iuvenis
665 233 878 271 certamina
910 233 1017 283 fugi,

114 291 195 330 Nec
226 292 304 329 nisi
335 290 469 329 lusura
501 292 693 329 movimus
727 303 832 329 arma
865 303 1005 343 manu3

114 349 227 388 Nunc
260 351 391 388 senior
423 349 630 400 gladioque
657 349 758 388 latus
792 355 983 401 scutoque
1016 350 1238 402 sinistram,

116 408 306 447 Canitiem
338 407 468 459 galeae
501 407 732 459 subicioque
765 420 916 447 meam.

52 475 95 506 75
116 466 213 505 Nam
245 466 352 505 dedit
384 478 404 505 e
437 466 596 517 specula
629 472 763 505 custos
797 466 864 505 ubi
896 468 1005 517 signa
1037 467 1253 520 tumultus,

115 525 318 564 Induimus
352 526 503 576 trepida
535 527 717 576 protinus
750 537 856 564 arma
889 538 1028 565 manu.

116 583 273 636 Hostis,
304 583 454 622 habens
487 596 602 623 arcus
634 584 862 635 imbutaque
896 584 971 623 tela
1004 587 1189 638 venenis,

117 641 264 681 Saevus
295 642 493 681 anhelanti
524 644 678 682 moenia
710 642 852 682 lustrat
884 656 1008 696 equo;

118 700 245 752 thue
278 713 396 752 rapax
427 702 644 752 pecudem,
677 714 775 752 quae
808 714 850 740 se
882 714 961 740 non
993 705 1090 741 texit
1122 703 1237 755 ovili,

53 767 96 799 80
117 759 193 798 Per
225 764 335 811 sata,
367 771 438 810 per
471 759 586 798 silvas
619 760 772 810 fertque
806 760 1005 811 trahitque
1038 761 1178 812 lupus:

118 817 212 869 Sic,
243 819 397 868 siquem
428 818 603 856 nondum
635 824 838 869 portarum
871 830 986 869 saepe
1022 826 1226 871 receptum

115 875 312 915 Barbarus
344 877 384 914 in
417 878 564 928 campis
595 878 773 928 repperit
804 877 930 916 hostis
948 908 958 929 ,
991 877 1132 917 habet:

118 935 196 973 Aut
228 936 409 986 sequitur
441 941 579 986 captus
612 937 867 987 coniectaque
901 936 1052 975 vincula
1086 937 1184 976 collo

118 993 300 1046 Accipit,
333 999 400 1033 aut
431 993 508 1032 telo
541 995 648 1033 virus
680 994 848 1033 habente
880 996 1008 1046 perit.

53 1060 97 1092 85
120 1051 191 1091 Hic
223 1064 294 1103 ego
328 1052 515 1091 sollicitae
548 1053 649 1092 lateo
683 1065 806 1092 novus
838 1053 964 1092 incola
997 1054 1124 1093 sedis:

118 1110 204 1150 Heu
235 1112 401 1150 nimium
433 1112 500 1150 fati
533 1118 708 1163 tempora
740 1112 845 1151 lenta
876 1111 976 1151 mei!

118 1169 167 1208 Et
200 1175 329 1209 tamen
361 1170 409 1209 ad
440 1182 626 1209 numeros
659 1172 898 1222 antiquaque
931 1184 1040 1210 sacra
1072 1172 1221 1210 reverti

120 1228 298 1267 Sustinet
329 1230 370 1267 in
403 1231 521 1268 tantis
554 1229 708 1281 hospita
739 1229 850 1269 Musa
882 1229 1015 1269 malis!

119 1286 196 1326 Sed
221 1299 374 1340 neque,
401 1289 465 1327 cui
490 1289 677 1341 recitem,
705 1289 913 1340 quisquam
940 1294 1021 1341 est,
1043 1301 1127 1328 mea
1155 1290 1346 1341 carmina,

675 1359 748 1386 nec
782 1349 849 1398 qui

53 1412 97 1444 90
119 1404 291 1444 Auribus
323 1406 490 1457 accipiat
521 1405 638 1444 verba
671 1405 807 1444 Latina
839 1407 944 1445 suis.

118 1463 205 1514 Ipse
224 1463 322 1502 mihi
339 1485 388 1491 --
419 1464 512 1515 quid
533 1466 638 1502 enim
659 1465 796 1503 faciam
811 1462 831 1502 ?
846 1486 901 1491 -—
929 1464 1139 1516 scriboque
1160 1464 1346 1517 legoque,

120 1521 300 1573 Tutaque
332 1522 478 1561 iudicio
510 1523 641 1561 littera
667 1528 801 1561 nostra
834 1534 905 1561 suo
939 1529 1020 1563 est.

120 1579 243 1632 Saepe
275 1587 406 1620 tamen
439 1581 518 1620 dixi
550 1578 638 1620 ‘Cui
670 1593 774 1620 nunc
807 1581 903 1620 haec
930 1594 1024 1621 cura
1056 1580 1236 1621 laborat?

119 1640 177 1677 An
208 1651 293 1678 mea
327 1639 579 1679 Sauromatae
612 1641 758 1690 scripta
791 1639 988 1691 Getaeque
1021 1638 1200 1692 legentP'

54 1705 98 1736 95
121 1697 244 1749 Saepe
277 1700 393 1737 etiam
426 1698 606 1737 lacrimae
638 1710 700 1737 me
728 1704 820 1737 sunt
852 1699 1050 1738 scribente
1083 1701 1295 1752 profusae,

121 1755 335 1808 Umidaque
369 1762 429 1796 est
459 1757 554 1796 fletu
586 1757 717 1796 littera
750 1758 850 1796 facta
881 1770 968 1797 meo
987 1790 995 1797 .

120 1814 274 1867 Corque
297 1821 450 1855 vetusta
475 1828 630 1869 meum,
663 1822 861 1867 tamquam
882 1829 1002 1868 nova,
1030 1816 1191 1856 vulnera
1217 1818 1347 1869 novit,

120 1873 243 1925 Inque
275 1876 406 1913 sinum
437 1881 608 1914 maestae
641 1874 786 1915 labitur
818 1875 944 1914 imber
977 1888 1123 1927 aquae,

121 1932 219 1971 Cum
251 1934 334 1973 vice
369 1939 514 1973 mutata
547 1935 615 1985 qui
646 1935 720 1973 sim
753 1934 1000 1987 fuerimque,
1033 1933 1245 1986 recordor,

34 1999 98 2031 100
122 1990 199 2043 Et,
231 1991 367 2031 tulerit
399 2005 476 2044 quo
508 2005 570 2031 me
603 2005 717 2032 casus
751 1999 790 2032 et
822 1993 955 2045 unde,
989 1993 1117 2033 subit.

122 2050 244 2101 Saepe
279 2063 416 2090 manus
450 2051 641 2104 demens,
674 2051 813 2091 studiis
829 2053 944 2101 ‚irata
977 2051 1156 2103 sibique,

122 2109 226 2148 Misit
257 2111 298 2148 in
331 2121 490 2149 arsuros
524 2112 696 2149 carmina
729 2116 863 2149 nostra
894 2122 1034 2161 rogos.

121 2168 248 2219 Atque
281 2170 333 2207 ita
352 2201 363 2221 ,
396 2169 443 2207 de
470 2168 602 2209 multis
630 2171 814 2221 quoniam
846 2181 924 2208 non
957 2169 1078 2208 inulta
1110 2175 1347 2220 supersunt,

123 2226 220 2265 Cum
254 2229 364 2266 venia
397 2228 512 2267 facito
533 2260 544 2280 ,
580 2230 758 2280 quisquis
793 2240 863 2280 es,
895 2229 971 2266 ista
1002 2226 1130 2278 legas!

35 2293 100 2324 105
123 2285 182 2324 Tu
197 2298 354 2337 quoque
368 2299 447 2325 non
463 2287 620 2339 melius,
637 2299 752 2338 quam
768 2292 861 2325 sunt
875 2298 960 2326 mea
974 2292 1163 2338 tempora,
1178 2298 1347 2336 carmen,

120 2343 333 2384 Interdicta
365 2346 490 2398 mihi,
523 2345 683 2385 consule
703 2376 714 2398 ,
746 2345 897 2398 Roma,
930 2344 1045 2384 boni!
