1570 2527
1297 85 1380 120 XIX

43 187 285 241 πλεόντων,
321 203 399 230 non
435 193 481 229 ut
517 191 682 230 licenter
720 194 827 231 stella
858 193 906 231 de
939 192 1167 232 Castoribus
1199 195 1380 244 intellegi

40 249 177 300 possit,
210 261 306 298 quos
337 261 408 288 nec
438 250 649 299 Euripides
682 250 770 289 Hel.
799 252 909 290 1499
942 252 1003 291 El.
1032 254 1112 291 991
1149 253 1255 290 aliud
1286 253 1379 302 quid

42 320 159 356 quam
180 307 384 355 λαμπρῶν
405 305 570 357 ἄετρων
588 305 666 346 ὑπ’
692 305 862 348 ἀέλλαις
882 312 922 348 et
941 308 1160 359 φλογερὰν
1181 308 1312 359 αἰθέρ’
1330 309 1378 351 ἐν

42 362 206 414 ἄετροιε
250 363 382 405 ναίειν
427 369 610 406 testatur.
685 367 731 405 de
777 368 945 406 veritate
990 369 1235 407 coniecturae
1278 370 1379 408 nihil

41 425 265 473 receperim.
332 438 369 464 v.
407 426 490 464 576
537 426 676 474 scripsi
713 424 927 476 Aryolism,
972 430 1203 477 argumento
1241 431 1377 477 postu-

41 483 164 531 lante,
208 495 283 521 usu
319 485 460 532 poetae
503 485 771 533 permittente.
847 485 915 523 cfr.
955 486 1105 524 Neuius
1148 486 1168 524 Ι
1206 500 1241 535 p.
1282 488 1378 525 318.

41 541 227 579 Ellisium
259 553 467 590 occupasse
498 543 614 580 modo
642 543 799 581 demum
823 544 953 582 video:
1014 558 1063 582 uo
1090 544 1292 583 admoneri
1316 557 1378 583 me

39 600 245 651 intellego,
290 600 566 639 discedendum
610 602 658 639 ab
697 603 884 650 opusculo
929 558 1129 653 exagitato
1168 616 1252 641 esse
1290 616 1379 641 cum

40 659 268 708 gratissima
300 659 460 697 editoris
492 659 727 698 meritorum
758 660 1028 699 recordatione
1061 663 1101 699 et
1132 662 1332 701 memoria.

158 716 295 765 Siquid
331 717 371 753 in
408 717 518 754 Ibide
559 718 764 755 molestius
801 718 884 756 fere
930 732 1048 767 quam
1085 732 1242 758 necesse
1281 722 1378 769 erat,

41 774 305 824 disceptatum
345 777 420 823 est,
462 775 503 812 in
540 775 713 813 Ponticis
751 776 958 824 respiratio
998 777 1173 826 dabitur,
1211 791 1379 827 quorum

40 834 142 871 ratio
175 834 322 882 eadem,
355 833 423 871 sed
454 834 628 882 apertior
657 833 699 871 in
729 836 840 872 tanto
872 835 1061 883 ampliore
1094 836 1271 875 materia.

157 892 335 930 Lacunas
377 892 607 930 manifestas
644 892 685 929 in
721 892 833 930 libris
865 895 998 931 extare
1030 894 1139 931 vides
1171 896 1378 943 quattuor:

40 953 130 1000 post
165 963 324 989 versum
360 951 379 988 I
416 959 450 989 Π
488 953 558 999 11,
599 951 768 1001 paginae
806 952 1013 1001 archetypi
1046 947 1128 1004 (4);
1171 955 1261 1001 post
1292 966 1327 991 v.
1360 953 1379 990 I

41 1018 124 1047 VIII
164 1011 234 1058 19,
270 1009 438 1059 paginae
471 1004 583 1061 (27);
626 1012 716 1058 post
753 1022 788 1048 v.
820 1009 860 1047 II
892 1018 926 1048 ΙΙ
965 1012 1018 1049 32
1062 1011 1228 1060 paginae
1262 1006 1378 1063 (39);

40 1070 131 1117 post
170 1081 206 1107 v.
231 1068 313 1105 IIII
345 1077 397 1106 ΙΙΙ
429 1069 483 1106 43
523 1068 689 1118 paginae
723 1063 858 1120 (110).
929 1069 1078 1107 accedit
1116 1071 1256 1118 quarto
1293 1070 1379 1108 loco

44 1127 236 1176 habenda,
269 1139 386 1175 quam
412 1126 578 1165 schedae
608 1126 787 1177 integrae
819 1127 989 1165 indicavi
1019 1129 1110 1176 post
1140 1142 1175 1167 v.
1196 1128 1235 1165 II
1261 1137 1291 1166 V
1314 1129 1379 1166 36.

157 1185 306 1222 Earum
336 1185 485 1234 primae
511 1185 553 1222 in
578 1185 871 1235 Hamburgensi
896 1186 1049 1223 nullum
1074 1186 1270 1235 indicium,
1302 1186 1379 1224 nisi

40 1243 142 1281 forte
175 1243 332 1292 signum
363 1246 536 1281 extremo
567 1244 700 1282 versui
731 1246 778 1282 11
815 1244 1058 1293 adpositum,
1094 1246 1211 1292 fateri
1242 1241 1291 1296 72,
1323 1245 1381 1282 ita

40 1301 402 1351 interpretandum3
435 1303 550 1351 quale
583 1303 704 1341 etiam
729 1303 770 1340 ΙΙ
795 1312 861 1341 VII
886 1304 941 1341 42
975 1305 1151 1341 extremo
1184 1303 1380 1341 adiectum

41 1363 175 1398 monet
205 1373 242 1399 v.
275 1362 328 1398 43
361 1360 497 1399 deesse
528 1361 569 1399 in
601 1361 748 1409 ordine,
780 1361 847 1410 qui
879 1361 1109 1399 subiunctus
1139 1361 1180 1398 in
1211 1361 1287 1398 fine
1313 1374 1380 1409 pa-

41 1418 169 1466 ginae,
201 1421 394 1467 quantum
424 1419 569 1466 notavi,
600 1432 680 1456 non
710 1419 854 1457 iterato
881 1419 1005 1468 signo.
1077 1419 1181 1457 idem
1206 1419 1381 1468 positum

42 1475 62 1512 I
93 1485 128 1514 II
161 1477 213 1514 89
249 1479 289 1513 et
322 1478 393 1524 91,
435 1477 504 1514 sed
533 1477 778 1526 ineuntibus,
815 1490 850 1515 v.
885 1479 939 1515 90
972 1477 1133 1525 omisso;
1165 1490 1280 1526 quem
1313 1477 1378 1514 ad-

41 1534 202 1571 modum
234 1534 337 1584 quod
369 1534 573 1572 adnotavit
603 1536 713 1573 Korn
743 1535 785 1572 in
814 1547 932 1573 versu
963 1535 1024 1572 III
1050 1544 1065 1572 I
1094 1536 1189 1582 108,
1222 1535 1381 1573 distichi

43 1593 243 1641 absumpti
285 1595 420 1630 notam
463 1593 586 1630 fuisse
630 1596 737 1642 puto.
813 1594 1039 1631 hexametro
1077 1593 1096 1630 I
1135 1602 1169 1630 ΙΙ
1204 1596 1253 1630 11
1289 1594 1379 1631 sub-

41 1650 219 1700 iungitur
244 1663 314 1699 pro
341 1653 589 1699 pentametro
619 1653 683 1699 13,
711 1653 929 1700 sequuntur
952 1653 1004 1688 14
1034 1652 1085 1690 15
1108 1664 1178 1700 pro
1200 1652 1380 1700 disticho,

40 1709 299 1758 pentametris
324 1709 549 1759 praeposito
577 1722 618 1757 ο,
645 1710 891 1758 hexametro,
918 1710 1022 1759 quod
1046 1710 1217 1758 mireris,
1243 1710 1381 1747 eodem

41 1767 109 1805 illo
147 1764 181 1818 s.
201 1797 210 1806 .
282 1779 440 1806 versum
480 1770 531 1805 12
572 1768 665 1805 olim
709 1768 859 1806 scribae
898 1769 1151 1817 neglegentia
1192 1768 1380 1806 excidisse

40 1826 240 1874 putabam,
267 1838 383 1874 quem
409 1825 620 1864 admodum
644 1829 807 1875 propter
832 1826 1021 1864 iteratum
1045 1827 1164 1865 hiems
1189 1822 1379 1878 (hyemps)

41 1884 239 1923 distichon
271 1886 323 1929 27
359 1886 412 1923 28
448 1881 544 1936 (non
568 1884 672 1934 quod
697 1885 807 1924 Korn
833 1879 1021 1937 scripsit),
1054 1887 1094 1922 et
1119 1887 1280 1933 propter
1305 1886 1334 1922 I
1336 1886 1382 1922 Ile

40 1943 116 1981 Ille
157 1955 294 1981 versus
340 1945 393 1981 36
439 1939 536 1995 (non
581 1939 654 1995 34)
700 1943 742 1980 in
781 1943 924 1982 Hamb.
970 1942 1207 1981 exciderunt.
1279 1955 1381 1980 nunc

42 2001 141 2038 illud
172 2015 233 2039 me
265 2001 432 2039 maxime
459 2002 641 2049 advertit,
674 2002 778 2051 quod
802 2002 907 2039 inter
928 2001 1091 2039 omissos
1111 2003 1381 2050 pentametros

43 2061 95 2097 12
129 2061 169 2097 et
195 2061 263 2104 36,
297 2060 329 2097 si
358 2062 410 2098 27
445 2062 498 2099 28
527 2060 646 2098 etiam
672 2061 713 2097 in
737 2061 951 2109 archetypo
977 2061 1062 2097 loco
1082 2062 1233 2097 motum
1258 2060 1381 2098 fuisse

39 2120 171 2167 putes⁷
215 2118 291 2167 ipsi
321 2127 420 2156 XXII
457 2131 594 2157 versus
633 2119 797 2157 schedae
836 2130 997 2156 aversae
1029 2119 1238 2156 intersunt.
1313 2118 1382 2155 sed

41 2176 224 2215 credibile
255 2189 334 2215 non
360 2179 431 2227 est,
463 2190 487 2215 a
518 2177 728 2215 diorthotis
755 2180 824 2215 aut
849 2177 1021 2214 librariis
1047 2176 1138 2214 ullis
1166 2177 1381 2225 archetypo

40 2235 238 2284 pleniores
264 2236 414 2274 codices
439 2237 652 2284 consultos,
679 2238 748 2273 aut
772 2247 931 2274 versum
953 2237 1005 2274 36
1031 2235 1139 2273 felici
1158 2235 1382 2272 coniectura

41 2293 266 2342 suppletum
291 2306 389 2334 esse.
461 2295 596 2343 itaque
615 2297 771 2332 tantum
796 2306 933 2332 versus
964 2296 1013 2331 11
1041 2294 1222 2332 lacunam
1248 2296 1381 2331 statue

1048 2358 1101 2392 b*
