1570 2527
548 129 594 161 IL
622 131 927 162 n151-4n12o
1324 127 1405 169 151

185 235 292 276 Inter
324 236 549 275 confessum
581 235 699 275 dubie
731 236 929 288 dubieque
961 241 1169 288 negantem

244 293 460 333 Haerebam
479 325 490 346 ‚
521 294 680 346 pavidas
711 294 827 334 dante
860 297 1000 334 timore
1033 302 1167 346 notas,

185 352 453 405 Exemploque
485 354 585 392 nivis
604 385 615 404 ,
647 365 765 404 quam
797 353 922 392 mollit
954 355 1158 405 aquaticus
1190 359 1348 405 auster,

120 420 165 451 90
245 412 362 451 Gutta
394 423 465 462 per
498 413 682 451 attonitas
714 412 795 451 ibat
826 412 963 451 oborta
995 425 1137 464 genas,

185 469 289 509 Haec
321 471 442 521 igitur
474 471 651 509 referens
684 477 723 510 et
755 471 858 522 quod
891 483 977 510 mea
1008 473 1172 511 crimina
1204 472 1322 523 primi

244 528 403 568 Erroris
435 530 546 568 venia
578 541 694 580 posse
726 529 847 569 latere
880 530 1011 582 vides,

186 587 365 638 Respicis
397 589 603 638 antiquum
634 588 747 627 lassis
778 590 820 627 in
850 588 970 628 rebus
1003 590 1198 640 amicum,

245 646 275 684 F
279 648 526 697 omentisque
558 648 668 685 iuvas
699 647 860 686 vulnera
891 653 1026 686 nostra
1058 649 1163 687 tuis.

122 712 165 744 95
186 705 262 744 Pro
295 704 439 756 quibus
471 705 631 757 optandi
662 707 696 744 si
727 705 840 744 nobis
873 708 984 756 copia
1016 707 1105 757 fiat,

245 763 340 802 Tam
371 763 471 802 bene
503 765 718 814 promerito
751 764 953 803 commoda
985 764 1090 803 mille
1122 776 1285 816 precor.

189 820 266 860 Sed
300 822 334 859 si
366 821 447 860 sola
478 822 573 860 mihi
605 822 748 861 dentur
780 828 847 861 tua
879 828 996 874 vota,
1028 822 1243 874 precabor,

245 879 297 918 Ut
329 879 402 919 tibi
434 881 486 919 sit
518 880 621 919 salvo
655 880 819 920 Caesare
852 881 954 920 salva
987 893 1152 932 parens.

187 937 291 977 Haec
324 950 395 989 ego
415 969 427 991 ‚
458 950 549 978 cum
580 939 731 978 faceres
763 939 898 978 altaria
930 941 1091 991 pinguia
1123 945 1236 990 ture,

100 1006 167 1037 100
245 996 300 1037 Te
334 996 493 1037 solitum
523 999 687 1037 memini
717 1000 843 1049 prima
875 1010 1014 1049 rogare
1047 998 1164 1037 deos.

683 1127 789 1173 IIII.

187 1231 332 1282 Accipe
363 1231 618 1283 conloquium
649 1231 775 1283 gelido
807 1231 973 1270 Nasonis
1006 1231 1053 1271 ab
1085 1231 1243 1285 Histro,

247 1290 399 1339 Attice,
437 1291 582 1330 iudicio
616 1302 694 1329 non
727 1290 940 1329 dubitande
972 1302 1084 1331 meo,

189 1347 342 1400 Ecquid
374 1348 500 1388 adhuc
532 1361 713 1388 remanes
745 1361 896 1387 memor
928 1349 1096 1388 infelicis
1129 1350 1265 1396 amici,

247 1407 402 1447 Deserit
433 1420 481 1446 an
513 1409 637 1458 partis
668 1407 849 1459 languida
882 1420 975 1447 cura
1008 1405 1134 1447 suas?

154 1473 175 1505 5
195 1465 282 1505 Non
312 1468 366 1505 ita
397 1466 438 1505 di
468 1466 564 1505 mihi
595 1471 689 1506 sunt
720 1468 854 1505 tristes
873 1498 884 1519 ,
913 1472 958 1505 ut
989 1466 1153 1506 credere
1185 1468 1334 1517 possim
1360 1475 1414 1507 (49)

248 1524 402 1576 Fasque
434 1530 569 1576 putem
600 1526 677 1563 iam
709 1530 747 1563 te
779 1537 858 1563 non
890 1526 1116 1563 meminisse
1149 1527 1249 1564 mei.

189 1583 289 1622 Ante
321 1583 458 1622 oculos
490 1590 647 1623 nostros
679 1588 745 1622 tua
776 1595 881 1622 nunc
900 1615 911 1635 ‚
943 1589 1010 1623 tua
1042 1595 1199 1635 semper
1231 1586 1380 1636 imago,

249 1641 299 1680 Et
330 1642 465 1680 videor
496 1642 627 1681 vultus
659 1648 790 1681 mente
823 1642 955 1681 videre
988 1648 1102 1681 tuos.

193 1699 304 1740 Seria
333 1701 455 1740 multa
488 1700 583 1739 mihi
614 1707 746 1739 tecum
779 1700 930 1739 conlata
962 1701 1174 1753 recordor,

129 1767 172 1799 10
250 1758 331 1798 Nec
363 1759 450 1798 data
483 1759 663 1798 iocundis
695 1765 872 1810 tempora
903 1771 1027 1810 pauca
1059 1761 1178 1799 iocis.

192 1817 316 1868 Saepe
348 1819 447 1857 citae
479 1818 606 1869 longis
638 1819 742 1857 visae
777 1818 1024 1857 sermonibus
1056 1819 1204 1870 horae,

251 1876 375 1928 Saepe
407 1877 482 1916 fuit
512 1876 669 1915 brevior
688 1909 699 1929 ‚
732 1889 848 1928 quam
880 1889 966 1917 mea
998 1877 1145 1929 verba,
1178 1877 1285 1916 dies.

193 1934 318 1985 Saepe
349 1940 437 1974 tuas
469 1937 576 1974 venit
608 1936 753 1974 factum
785 1936 900 1975 modo
934 1948 1091 1975 carmen
1124 1936 1171 1975 ad
1204 1937 1310 1974 auris

249 1992 300 2032 Et
331 2005 429 2033 nova
460 1994 605 2033 iudicio
638 1994 794 2033 subdita
825 1994 935 2033 Musa
967 2001 1034 2034 tuo
1068 2000 1150 2033 est.

129 2059 171 2091 15
193 2051 306 2098 Quod
338 2057 381 2092 tu
413 2052 592 2092 laudaras
611 2084 622 2105 ,
653 2052 798 2104 populo
830 2053 1026 2104 placuisse
1059 2052 1268 2104 putabam.

250 2110 333 2150 Hoc
364 2113 537 2162 pretium
568 2123 686 2151 curae
718 2111 831 2151 dulce
864 2113 1035 2151 recentis
1068 2117 1174 2150 erat.

190 2168 318 2220 thue
351 2182 463 2209 meus
494 2170 585 2210 lima
617 2182 731 2210 rasus
761 2169 862 2209 liber
895 2175 1000 2209 esset
1031 2172 1169 2222 amici,

249 2227 336 2267 Non
369 2229 491 2269 semel
523 2229 721 2268 admonitu
757 2229 857 2268 facta
889 2228 1006 2268 litura
1038 2234 1105 2268 tuo
1139 2234 1221 2268 est.

190 2285 270 2325 Nos
302 2287 386 2327 fora
417 2288 601 2327 viderunt
632 2289 810 2339 pariter,
842 2299 913 2326 nos
945 2289 1121 2339 porticus
1154 2289 1304 2339 omnis,

127 2352 171 2383 20
249 2344 328 2384 Nos
360 2348 449 2397 via,
481 2359 552 2386 nos
585 2347 731 2385 iunctis
764 2358 882 2385 curva
914 2347 1065 2386 theatra
1097 2347 1213 2386 locis.
