1570 2527
167 116 221 157 10
720 114 944 146 TRISTIUM

282 224 332 263 Et
363 223 509 263 feriunt
540 228 708 262 maestae
740 227 899 273 pectora
933 220 1036 260 nuda
1068 232 1229 259 manus.

283 283 384 322 Tum
415 294 507 321 vero
541 282 739 333 coniunx,
771 282 918 319 umeris
950 279 1129 318 abeuntis
1161 278 1398 331 inhaerens,

219 349 263 380 80
284 341 439 380 Miscuit
469 340 564 378 haec
597 339 766 378 lacrimis
798 340 925 378 tristia
956 337 1072 376 verba
1105 339 1224 376 meis:
1495 374 1498 376 ,

284 397 385 437 ‘Non
411 404 522 450 potes
548 397 659 437 avelli
680 429 687 436 .
739 397 854 437 simul
879 397 998 448 hinc,
1025 395 1141 435 simul
1166 392 1324 434 ibimus’
1351 395 1500 446 inquit:

285 455 354 496 ‘Te
387 469 528 507 sequar
560 462 599 496 et
631 458 799 495 coniunx
832 455 955 494 exulis
989 454 1077 493 exul
1109 466 1176 492 ero
1197 484 1205 492 .

285 515 334 554 Et
364 515 459 554 mihi
491 516 589 554 facta
621 516 679 553 via
713 520 800 566 est,
845 519 884 552 et
915 525 975 552 me
1009 514 1111 563 capit
1141 512 1277 551 ultima
1308 511 1447 552 tellus:

285 573 475 613 Accedam
507 574 695 625 profugae
728 573 879 611 sarcina
910 583 1026 623 parva
1059 572 1154 609 rati.

221 641 263 671 85
285 632 338 670 Te
371 631 480 670 iubet
511 644 532 670 a
562 633 686 683 patria
719 630 919 669 discedere
954 629 1129 668 Caesaris
1162 630 1242 680 ira,

284 690 345 729 Me
376 691 500 741 pietas
520 721 528 729 .
578 692 702 741 pietas
734 689 828 728 haec
861 688 954 726 mihi
987 687 1126 726 Caesar
1158 688 1233 725 erit
1247 683 1271 726 .'

286 748 392 787 Talia
424 747 636 800 temptabat
654 776 670 799 ‚.
697 749 799 786 sicut
831 751 1087 798 temptaverat
1119 751 1230 797 ante,

285 807 432 858 Vixque
466 807 572 845 dedit
603 808 723 844 victas
756 805 920 845 utilitate
953 816 1113 843 manus.

285 864 475 916 Egredior
494 897 504 916 ‚
536 866 615 903 sive
648 864 742 903 illud
776 870 858 902 erat
890 865 972 902 sine
1006 864 1143 901 funere
1176 862 1294 914 ferri,

224 932 266 962 90
290 923 496 974 Squalidus
528 924 700 961 inmissis
733 922 834 961 hirta
866 934 937 973 per
969 933 1036 959 ora
1068 921 1208 959 comis.

285 981 353 1020 Illa
384 981 518 1020 dolore
551 994 682 1020 amens
715 980 888 1019 tenebris
921 985 1103 1018 narratur
1135 977 1284 1017 obortis

288 1039 532 1079 Semianimis
564 1039 689 1078 media
722 1038 979 1090 procubuisse
1011 1038 1144 1088 domo,

288 1097 415 1148 thue
448 1100 666 1137 resurrexit
697 1097 860 1136 foedatis
892 1096 1052 1147 pulvere
1084 1095 1192 1145 turpi

287 1155 469 1195 Crinibus
501 1162 540 1195 et
571 1156 696 1207 gelida
728 1155 902 1194 membra
927 1155 1067 1193 levavit
1097 1153 1240 1204 humo,

223 1223 266 1253 95
289 1214 338 1253 Se
371 1214 514 1266 mod0‚
551 1215 727 1253 desertos
760 1214 874 1252 modo
908 1212 1168 1263 complorasse
1200 1214 1384 1262 penates,

286 1272 435 1311 Nomen
467 1278 506 1311 et
538 1274 662 1323 erepti
695 1284 808 1323 saepe
841 1283 998 1310 vocasse
1031 1271 1126 1321 viri,

286 1331 366 1370 Nec
397 1333 592 1381 gemuisse
624 1332 753 1369 minus
772 1362 782 1382 ‚
815 1342 930 1380 quam
961 1331 994 1367 si
1026 1334 1216 1379 nataeque
1249 1338 1457 1378 meumque

287 1388 456 1427 Vidisset
487 1394 658 1428 structos
691 1401 835 1439 corpus
867 1388 1010 1426 habere
1042 1398 1181 1438 rogos,

288 1447 337 1486 Et
367 1446 536 1487 voluisse
568 1448 697 1498 mori,
729 1447 930 1485 moriendo
962 1457 1108 1496 ponere
1141 1456 1303 1495 sensus,

202 1514 266 1545 100
288 1505 562 1557 Respectuque
594 1512 725 1544 tamen
756 1517 834 1543 non
865 1505 1029 1555 periisse
1063 1504 1164 1541 mei.

287 1563 423 1603 Vivat!
456 1570 495 1602 et
520 1563 718 1602 absentem
746 1584 802 1590 —
835 1564 1018 1613 quoniam
1051 1563 1106 1600 sic.
1139 1561 1214 1600 sata
1246 1560 1422 1600 tulerunt
1448 1581 1502 1586 ———

288 1621 396 1660 Vivat
427 1627 500 1671 ut,
532 1622 672 1661 auxilio
706 1621 883 1660 sublevet
914 1632 1039 1672 usque
1073 1631 1163 1657 suo.

796 1748 875 1795 IV.

288 1854 497 1906 Tinguitur
529 1865 674 1892 oceano
708 1859 840 1892 custos
872 1852 1173 1904 Erymanthidos
1205 1863 1343 1903 ursae,

289 1913 590 1963 Aequoreasque
624 1923 693 1950 suo
727 1911 855 1950 sidere
887 1911 1020 1950 turbat
1051 1923 1192 1961 aquas.

289 1971 367 2009 Nos
399 1976 530 2009 tamen
561 1970 712 2008 Ionium
745 1982 822 2008 non
854 1976 987 2008 nostra
1020 1969 1202 2008 findimus
1235 1980 1380 2019 aequor

291 2029 436 2080 Sponte
455 2060 465 2080 ‚
499 2029 567 2067 sed
599 2028 764 2067 audaces
797 2030 972 2079 cogimur
1005 2040 1089 2066 esse
1121 2033 1251 2066 metu.

250 2098 269 2127 5
290 2088 349 2126 Me
381 2086 597 2126 miserum!
631 2088 784 2138 quantis
816 2088 1043 2125 increscunt
1075 2097 1244 2137 aequora
1275 2085 1423 2135 ventiS,

290 2146 489 2197 Erutaque
523 2159 569 2184 ex
600 2147 687 2184 imis
721 2145 843 2184 fervet
874 2145 1017 2183 harena
1049 2143 1183 2182 fretis!

290 2204 421 2243 Monte
453 2216 525 2243 nec
557 2205 719 2242 inferior
751 2215 888 2254 prorae
920 2204 1118 2254 puppique
1150 2213 1336 2240 recurvae

289 2262 415 2301 Insilit
446 2268 485 2301 et
515 2264 641 2314 pictos
674 2262 853 2300 verberat
883 2261 986 2300 unda
1018 2261 1135 2300 deos.

291 2321 410 2359 Pinea
441 2326 546 2359 texta
578 2326 717 2359 sonant
747 2320 891 2372 pulsu,
924 2320 1091 2358 stridore
1124 2319 1335 2368 rudentes,
