1570 2527
206 108 291 150 280
749 111 1003 144 PASTORUM

235 226 301 257 755
322 218 389 258 llle
423 218 525 257 cadit
556 229 744 269 praeceps
777 224 815 257 et
847 219 950 258 calce
983 219 1122 259 seritur
1155 219 1288 273 aselli,

380 276 644 327 inclamatque
678 276 769 315 suos
801 277 1064 329 auxiliumque
1097 284 1232 330 rogat.

322 334 572 373 Concurrunt
604 336 751 387 satyri,
783 337 1058 387 turgentiaque
1091 348 1158 375 ora
1189 339 1362 388 parentis

379 392 550 431 Rident:
594 405 782 444 percusso
816 393 1006 432 claudicat
1038 394 1099 432 iile
1132 407 1256 446 genu.

320 450 434 489 Ridet
466 456 502 489 et
535 452 618 502 ipse
650 451 773 499 deus,
807 452 1020 503 limumque
1052 452 1239 492 inducere
1270 459 1485 507 monstrat3

233 517 299 548 760
378 508 450 548 Hic
482 515 593 560 paret
625 511 782 548 monitis
815 516 854 548 et
887 510 971 549 linit
1002 522 1069 548 ora
1101 510 1204 550 luto.

319 566 431 606 Melle
463 573 573 618 pater
605 568 778 606 fruitur.
838 567 994 619 liboque
1026 569 1154 607 infusa
1187 568 1327 609 calenti

378 624 467 678 Iure
499 627 694 677 repertori
727 626 888 665 candida
920 626 1031 665 mella
1063 627 1223 666 damus.

318 682 478 722 Femina
510 696 580 723 cur
612 690 794 736 presset,
826 697 903 723 non
930 691 990 724 est
1021 686 1181 724 rationis
1213 691 1394 737 opertae:

377 741 582 781 Femineos
615 742 748 794 thyrso
782 744 951 781 concitat
982 743 1045 782 ille
1078 743 1242 782 choros.

230 808 296 839 765
319 799 398 839 Cur
430 812 526 839 anus
558 801 631 840 hoc
664 801 778 840 faciat
797 832 807 852 ‚
840 802 995 852 quaeris
1015 799 1036 840 ‘?
1080 803 1251 840 vinosior
1283 808 1387 841 aetas

377 857 480 897 Haec
514 864 625 910 erat,
658 865 697 898 et
727 860 906 909 gravidae
939 872 1101 898 munera
1133 862 1221 899 vitis
1253 872 1407 899 amans.

318 916 395 955 Cur
427 916 571 957 hedera
604 918 730 956 cincta
761 923 820 956 est
839 915 860 956 ⁴?
904 917 1048 956 hedera
1079 924 1139 957 est
1170 920 1388 969 gratissima

1359 976 1533 1015 Baccho.

375 1032 457 1072 Hoc
490 1045 645 1084 quoque
678 1045 749 1072 cur
780 1035 832 1072 ita
865 1035 942 1085 sit,
976 1034 1106 1073 dicere
1139 1035 1242 1073 nulla
1273 1047 1381 1073 mora
1413 1041 1494 1074 est.

316 1090 501 1142 Nysiadas
535 1091 721 1142 nymphas
754 1104 920 1142 puerum
954 1097 1164 1143 quaerente
1198 1105 1364 1131 noverca

229 1158 295 1189 770
376 1148 482 1188 Hanc
515 1150 692 1188 frondem
725 1152 836 1188 cunis
869 1152 1097 1201 opposuisse
1130 1151 1283 1190 ferunt.

315 1207 479 1258 Restat,
512 1214 553 1246 ut
586 1209 808 1259 inveniam,
842 1221 961 1259 quare
995 1214 1081 1259 toga
1113 1208 1235 1248 libera
1266 1209 1380 1248 detur

374 1265 555 1304 Lucifero
588 1268 751 1318 pueris,
783 1267 945 1305 candide
978 1267 1127 1305 Bacche
1147 1298 1157 1318 ‚
1190 1273 1279 1306 tuo.

318 1324 405 1362 Sive
439 1324 542 1374 quod
575 1325 657 1375 ipse
691 1337 789 1375 puer
822 1337 975 1376 semper
1007 1326 1237 1376 iuvenisque
1269 1324 1438 1376 videris,

374 1381 422 1421 Et
454 1382 579 1421 media
613 1388 672 1421 est
703 1388 807 1421 aetas
838 1385 941 1422 inter
973 1389 1184 1434 utrumque
1217 1383 1311 1436 tibi;

228 1449 294 1480 775
317 1440 395 1479 Seu
429 1442 518 1492 quia
552 1447 593 1479 tu
624 1447 734 1492 pater
767 1454 837 1492 es,
870 1446 999 1492 patres
1032 1453 1101 1480 sua
1132 1443 1323 1493 pignora,
1356 1447 1466 1481 natos

374 1498 655 1538 Commendant
686 1511 802 1538 curae
835 1500 1140 1550 numinibusque
1172 1501 1274 1539 tuis:

316 1556 404 1596 Sive
423 1589 434 1608 ,
467 1557 570 1608 quod
603 1570 644 1596 es
676 1557 822 1609 Liber,
854 1560 972 1596 vestis
1005 1570 1161 1609 quoque
1192 1558 1313 1597 libera
1343 1570 1415 1609 per
1446 1564 1484 1598 te
1541 1577 1545 1580 >

376 1615 552 1654 Sumitur
585 1622 622 1654 et
654 1617 753 1655 vitae
786 1616 981 1655 liberioris
1013 1618 1109 1655 iter:

314 1674 371 1712 An
405 1675 495 1724 quia
514 1705 524 1725 ,
558 1687 646 1713 cum
680 1675 854 1713 colerent
885 1676 1004 1726 priSci
1037 1674 1250 1714 studiosius
1281 1686 1418 1726 agros,

227 1740 294 1771 780
374 1731 423 1770 Et
456 1733 601 1771 faceret
633 1734 757 1782 patrio
792 1745 883 1771 rure
917 1739 1073 1772 senator
1106 1745 1226 1784 opus,

313 1789 363 1828 Et
395 1795 552 1841 caperet
584 1790 708 1829 fasces
741 1802 760 1827 a
793 1803 911 1829 curvo
945 1791 1081 1829 consul
1112 1797 1263 1842 aratr0,

372 1847 451 1886 Nec
484 1850 631 1887 crimen
665 1849 781 1887 duras
814 1854 918 1887 esset
950 1848 1092 1887 habere
1125 1861 1285 1899 manus,

314 1906 502 1945 Rusticus
535 1907 580 1944 ad
613 1906 725 1945 ludos
758 1906 925 1957 populus
957 1906 1135 1946 veniebat
1165 1908 1205 1946 in
1238 1906 1381 1946 Urbem
1413 1930 1460 1935 ——

374 1964 449 2004 Sed
483 1965 571 2016 dis,
605 1977 680 2003 non
715 1965 854 2004 studiis
887 1965 949 2003 ille
982 1965 1145 2004 dabatur
1177 1965 1325 2005 honor:

226 2031 292 2062 785
314 2023 418 2062 Luce
451 2035 520 2062 sua
552 2023 664 2062 ludos
696 2035 791 2062 uvae
824 2029 1066 2062 commentor
1099 2022 1286 2074 habebat,

373 2081 478 2127 Quos
511 2094 599 2120 cum
633 2081 818 2120 taedifera
851 2094 954 2120 nunc
987 2081 1103 2120 habet
1134 2081 1196 2120 ille
1229 2081 1300 2120 dea
1333 2102 1376 2108 —-

312 2139 414 2191 Ergo
447 2145 490 2178 ut
523 2141 688 2179 tironem
721 2140 919 2179 celebrare
952 2140 1171 2191 frequentia
1203 2144 1358 2191 posset,

371 2197 459 2237 Visa
491 2197 574 2237 dies
607 2198 753 2237 dandae
786 2210 863 2237 non
895 2198 1018 2236 aliena
1051 2195 1196 2248 togae?

312 2256 402 2295 Mite
436 2262 551 2307 caput
570 2288 580 2308 ,
613 2262 723 2307 pater
742 2287 752 2307 ‚
785 2256 861 2296 huc
893 2256 1118 2307 placataque
1151 2267 1297 2295 cornua
1324 2261 1474 2307 vertas,

225 2322 291 2353 790
371 2314 419 2353 Et
451 2314 517 2353 des
550 2316 705 2366 ingenio
738 2314 821 2353 vela
854 2314 1024 2354 secunda
1056 2312 1164 2352 meo!
