1570 2527
190 93 245 133 36
741 96 966 129 TRISTIUM

219 211 285 241 505
308 202 483 253 Cumque
516 203 652 242 fefellit
683 215 814 242 amans
846 203 974 255 aliqua
1005 207 1174 245 novitate
1206 209 1412 261 maritum,

306 260 508 300 Plauditur
541 268 579 300 et
610 273 750 312 magno
782 262 906 312 palma
939 264 1068 302 favore
1102 264 1243 304 datur.

307 319 498 370 Quodque
531 321 660 358 minus
692 321 883 373 prodest,
915 333 1055 360 scaena
1087 328 1147 361 est
1177 323 1333 363 lucrosa
1363 331 1526 378 poetae,

307 377 508 428 Tantaque
541 389 619 416 non
651 389 769 428 parvo
802 380 964 418 crImina
996 386 1153 430 praetor
1186 383 1301 421 emit.

306 435 458 486 Inspice
491 435 674 474 ludorum
706 443 886 487 sumptus
906 469 916 489 ,
947 439 1121 488 Auguste
1140 471 1151 490 ‚
1183 445 1365 480 tuorum:

219 501 285 532 510
307 493 446 544 Empta
478 493 549 532 tibi
581 506 720 545 magno
753 495 841 533 talia
874 495 994 534 multa
1026 496 1153 547 leges.

306 551 410 590 Haec
442 557 485 590 tu
518 554 703 602 spectasti
735 554 1023 604 spectandaque
1057 566 1172 606 saepe
1205 555 1369 608 dedisti,
1396 579 1450 586 —

305 610 484 649 Maiestas
517 611 611 648 adeo
644 612 766 649 comis
797 611 942 662 ubique
975 617 1042 650 tua
1073 618 1134 651 est
1163 635 1212 640 —

306 668 617 719 Luminibusque
650 671 727 707 tuis
746 701 756 721 ‚
787 675 894 709 totus
927 670 1070 721 quibus
1102 673 1227 711 utitur
1258 672 1391 726 orbis,

307 727 493 765 Scaenica
524 727 654 766 vidisti
684 727 814 766 lentus
845 728 1062 768 adulteria.

217 792 284 823 515
308 785 488 824 Scribere
522 787 555 824 si
587 786 642 823 fas
676 791 735 824 est
765 787 962 825 imitantes
994 789 1123 838 turpia
1155 789 1318 840 mimos,

305 844 488 882 Materiae
521 845 647 882 minor
680 850 739 883 est
771 844 899 883 debita
930 857 1055 896 poena
1087 858 1207 885 meae.

305 903 363 940 An
396 914 519 952 genus
551 902 625 940 hoc
659 904 795 953 scripti
826 903 973 942 faciunt
1005 916 1074 942 sua
1105 904 1255 955 pulpita
1287 912 1414 946 tutum
1431 939 1442 959 ‚

308 960 498 1011 Quodque
531 960 622 998 licet
641 992 651 1011 ,
682 962 811 999 mimis
843 973 982 1000 scaena
1014 962 1133 1001 licere
1166 961 1306 1002 dedit?

305 1018 354 1057 Et
386 1031 471 1057 mea
503 1026 595 1057 sunt
625 1018 768 1069 populo
802 1019 938 1058 saltata
969 1026 1148 1071 poemata
1179 1033 1319 1074 saepe,

219 1085 286 1115 520
309 1076 430 1128 Saepe
464 1077 598 1116 oculos
631 1079 747 1115 etiam
779 1078 983 1117 detinuere
1015 1084 1127 1118 tuos.

309 1135 466 1174 Sci11cet
497 1137 537 1173 in
569 1135 748 1173 domibus
781 1138 926 1175 nostris
959 1142 1002 1175 ut
1034 1139 1162 1187 prisca
1194 1139 1367 1177 virorum

305 1194 476 1232 Artificis
509 1193 659 1244 fulgent
691 1206 855 1245 corpora
886 1196 988 1245 picta
1021 1207 1161 1248 manu,

307 1251 371 1290 Sic
390 1283 400 1303 ,
434 1264 532 1302 quae
565 1251 798 1291 concubitus
830 1255 957 1291 varios
988 1255 1221 1305 venerisque
1253 1255 1399 1306 figuras

305 1310 507 1362 Exprimat
526 1341 535 1357 ‚
569 1316 628 1349 est
660 1310 788 1361 aliquo
819 1323 936 1361 parva
968 1311 1108 1350 tabella
1140 1312 1250 1351 loco.

219 1377 286 1407 525
307 1368 435 1419 thue
469 1369 578 1407 sedet
609 1368 719 1407 vultu
752 1369 878 1407 fassus
911 1369 1160 1409 Telamonius
1192 1372 1317 1423 iram,

307 1426 429 1477 Inque
462 1427 586 1465 oculis
618 1427 769 1465 facinus
800 1426 964 1466 barbara
996 1433 1120 1467 mater
1150 1428 1290 1479 habet,

307 1485 370 1524 Sic
402 1485 577 1523 madidos
610 1486 729 1523 siccat
761 1485 890 1535 digitis
922 1484 1053 1524 Venus
1084 1487 1161 1525 uda
1193 1487 1379 1540 capillos,

306 1543 355 1582 Et
386 1543 500 1582 modo
531 1545 719 1582 maternis
751 1549 854 1583 tecta
884 1544 1038 1583 videtur
1070 1546 1204 1596 aquis,

307 1601 411 1640 Bella
443 1607 583 1640 sonant
615 1601 678 1640 alii
710 1601 798 1640 telis
829 1603 1022 1641 instructa
1054 1605 1256 1655 cruentis,

220 1668 287 1699 530
308 1660 479 1710 Parsque
512 1661 569 1698 tui
601 1661 756 1710 generis
776 1691 786 1711 ,
816 1672 906 1711 pars
939 1666 1005 1699 tua
1037 1661 1136 1700 faeta
1169 1667 1334 1700 canunt.

306 1717 438 1756 Invida
470 1730 531 1756 me
564 1719 688 1768 spatio
722 1723 859 1756 natura
892 1720 1067 1757 coercuit
1098 1725 1207 1772 arto,

306 1776 465 1827 Ingenio
496 1777 599 1814 vires
631 1777 867 1826 exiguasque
901 1776 1033 1815 dedit.

305 1834 356 1873 Et
386 1840 516 1872 tamen
548 1834 612 1872 ille
645 1839 734 1872 tuae
767 1834 857 1872 felix
889 1834 1081 1874 Aeneidos
1114 1842 1250 1875 auctor

307 1892 481 1932 Contulit
512 1893 552 1930 in
584 1892 722 1943 Tyrios
754 1904 859 1931 arma
891 1895 1097 1944 virumque
1130 1899 1261 1947 toros,

219 1960 284 1990 535
306 1951 386 1989 Nec
418 1950 560 2001 legitur
592 1962 681 2001 pars
715 1950 790 1989 ulla
824 1953 944 2002 magis
977 1952 1024 1990 de
1057 1964 1222 2004 corpore
1254 1958 1361 2006 toto,

308 2010 431 2055 Quam
464 2021 541 2047 non
574 2008 747 2060 legitimo
780 2009 937 2048 foedere
969 2012 1127 2049 iunctus
1159 2023 1289 2050 amor.

307 2067 492 2118 Phyllidis
524 2067 588 2106 hic
620 2067 723 2106 idem
755 2073 991 2119 teneraeque
1023 2069 1268 2121 Amaryllidis
1299 2072 1409 2121 ignes

306 2125 501 2165 Bucolicis
532 2127 685 2164 iuvenis
717 2125 864 2165 luserat
895 2132 982 2165 ante
1015 2127 1164 2167 modis.

307 2185 386 2222 Nos
420 2196 576 2235 quoque
609 2186 684 2223 iam
716 2184 869 2236 pridem
901 2186 1047 2236 scripto
1079 2187 1326 2236 peccavimus
1358 2189 1457 2227 isto:

220 2251 286 2283 540
309 2243 552 2293 Supplicium
584 2245 732 2294 patitur
764 2255 841 2282 non
872 2255 969 2282 nova
1002 2243 1114 2294 culpa
1147 2256 1317 2297 novum3

309 2301 566 2351 Carminaque
600 2301 827 2354 edideram,
860 2314 950 2341 cum
981 2308 1019 2340 te
1051 2302 1192 2341 delicta
1225 2310 1423 2343 notantem
