1570 2527
614 109 660 143 11.
687 111 883 143 206—275.
1341 107 1424 148 241

665 251 729 292 14.
763 249 849 293 ΕΝ

206 334 438 375 Continuata
470 334 555 373 loco
589 336 663 373 tria
696 334 853 386 sidera,
887 335 1036 374 Corvus
1068 340 1108 374 et
1138 334 1286 386 Anguis

261 393 311 433 Et
342 393 494 432 medius
527 392 664 433 Crater
696 394 800 432 inter
833 399 1045 444 utrumque
1078 394 1200 432 iacet.

117 460 183 493 245
204 451 336 491 Idibus
368 452 432 490 illa
463 452 614 503 latent,
647 453 830 490 oriuntur
863 458 978 490 nocte
1012 453 1215 503 sequenti.

263 510 369 556 Quae
402 510 476 549 sihi
509 523 580 550 cur
613 512 687 549 tria
719 512 798 549 sint
830 512 1082 562 consociata,
1115 522 1274 549 canam.

205 568 322 609 Forte
354 569 434 608 Iovi
465 569 648 608 Phoebus
680 569 825 608 festum
859 569 1046 608 sollemne
1078 568 1240 619 parabat
1272 590 1314 594 —

263 627 349 667 Non
380 628 497 666 saciet
527 628 661 679 longas
694 627 822 667 fabula
854 634 988 667 nostra
1021 639 1174 667 moras:
1207 649 1250 654 -

204 684 265 739 ²1,
297 684 403 725 mea'
437 686 534 725 dixit
566 683 668 725 ‘avis
687 718 698 738 ‚
730 699 778 725 ne
812 686 904 738 quid
938 689 999 738 pia
1032 698 1141 725 sacra
1173 691 1373 737 moretur,

117 752 184 785 250
263 745 313 784 Et
344 752 503 785 tenuem
538 747 633 784 vivis
666 745 839 784 fontibus
872 744 980 784 adfer
1013 741 1197 796 aquam.'

204 804 353 843 Corvus
385 806 605 843 inauratum
638 803 804 854 pedibus
837 809 990 842 cratera
1021 805 1198 842 recurvis

263 862 408 914 Tollit,
441 868 481 901 et
512 864 662 901 aerium
694 861 869 913 pervolat
901 862 1001 901 altus
1033 863 1130 901 iter.

206 920 340 961 Stabat
371 920 497 960 adhuc
531 920 640 959 duris
672 921 769 959 ficus
802 920 1033 959 densissima
1065 921 1215 972 pomis:

262 979 443 1030 Temptat
475 991 559 1018 eam
592 985 750 1030 rostr03
782 990 879 1018 nont·
893 984 978 1018 erat
1009 985 1097 1030 apta
1129 979 1227 1029 legi.

117 1045 184 1078 255
206 1038 400 1077 Inmemor
432 1040 588 1089 imperii
622 1038 770 1077 sedisse
803 1037 876 1077 sub
910 1037 1049 1076 arbore
1082 1038 1232 1089 fertur,

264 1097 362 1136 Dum
396 1097 537 1135 fierent
568 1096 676 1135 tarda
709 1096 836 1135 dulcia
868 1108 981 1148 poma
1013 1108 1144 1135 mora.

205 1155 361 1206 lamque
394 1162 503 1194 satur
535 1156 657 1206 nigris
689 1154 849 1206 longum
884 1157 985 1205 rapit
1011 1154 1209 1206 unguibus
1240 1154 1427 1205 hydrum,

263 1214 319 1252 Ad
352 1214 632 1264 dominumque
665 1213 795 1266 redit,
827 1214 993 1264 fictaque
1027 1213 1145 1252 verba
1177 1213 1322 1252 refert:

206 1270 298 1311 ‘Hic
332 1272 425 1311 mihi
458 1284 575 1311 causa
606 1284 766 1323 morae,
800 1274 972 1311 vivarum
1000 1271 1184 1310 obsessor
1216 1283 1428 1322 aquarum:

117 1339 185 1371 260
265 1330 336 1370 Hic
368 1333 495 1370 tenuit
527 1331 654 1369 sontes
687 1331 937 1381 officiumque
972 1327 1147 1369 meum.'

207 1387 361 1428 ‘Addis'
395 1392 448 1428 ait
480 1387 637 1441 ‘culpae
669 1385 914 1441 mendacia‚'
947 1388 1130 1428 Phoebus
1163 1385 1225 1427 eet
1255 1388 1375 1428 audes

171 1498 175 1502 Ι
265 1448 484 1487 Fatidicum
518 1448 646 1486 verbis
679 1448 813 1487 fallere
846 1447 941 1486 velle
976 1445 1128 1486 deum?

206 1507 255 1546 At
287 1506 357 1546 tibi
377 1539 387 1558 ,
419 1507 511 1545 dum
545 1507 692 1545 lactens
724 1506 903 1545 haerebit.
933 1508 973 1544 in
1005 1506 1144 1545 arbore
1177 1506 1298 1558 ficus,

265 1565 319 1604 De
353 1565 458 1604 nullo
491 1565 639 1617 gelidae
673 1566 780 1603 fonte
812 1564 998 1603 bibentur
1030 1561 1198 1615 aquae.’

119 1631 185 1664 265
207 1624 340 1663 Dixit:
384 1631 452 1676 et,
485 1626 635 1675 antiqui
667 1625 905 1662 monimenta
937 1625 1124 1675 perennia
1157 1623 1271 1674 facti,

264 1684 441 1735 Anguis,
474 1684 593 1734 Avis,
627 1682 762 1721 Crater
795 1682 923 1721 sidera
955 1684 1086 1721 iuncta
1119 1683 1285 1721 micant.

522 1773 584 1815 15.
616 1772 650 1814 F
681 1772 994 1815 LVPER-w

206 1858 336 1898 Tertia
368 1865 457 1910 post
488 1857 580 1898 ldus
613 1858 739 1898 nudos
772 1870 913 1897 aurora
945 1858 1128 1909 lupercos

264 1918 442 1969 Aspicit,
473 1923 513 1956 et
545 1916 668 1956 Fauni
700 1929 809 1956 sacra
840 1916 1013 1955 bicornis
1046 1923 1162 1956 eunt.

207 1974 330 2014 Dicite
350 2006 361 2027 ‚
393 1975 568 2014 Pierides
588 2008 598 2026 ‚
631 1987 834 2014 sacrorum
868 1988 965 2026 quae
999 1976 1050 2014 sit
1082 1977 1215 2025 origo7

119 2041 187 2073 270
266 2035 478 2085 Attigerint
508 2033 635 2072 Latias
669 2033 771 2073 unde
803 2035 924 2084 petita
957 2033 1115 2072 domos.

205 2092 309 2132 Pana
341 2092 457 2131 deum
491 2094 644 2143 pecoris
672 2099 823 2131 veteres
856 2091 1023 2131 coluisse
1055 2092 1237 2131 feruntur

265 2151 463 2190 Arcades:
514 2150 689 2190 Arcadiis
721 2151 913 2202 plurimus
946 2150 1010 2189 ille
1042 2152 1167 2201 iugis.

207 2209 335 2249 Testis
368 2211 443 2248 erit
473 2210 648 2261 Pholoe,
681 2216 801 2248 testes
836 2209 1120 2260 Stymphalides
1153 2209 1303 2261 undae,

266 2269 419 2319 Quique
452 2270 538 2308 citis
571 2268 703 2307 Ladon
736 2269 775 2306 in
808 2280 914 2306 mare
947 2270 1072 2307 currit
1103 2270 1238 2320 aquis,

120 2333 186 2366 275
207 2326 420 2378 Cinctaque
452 2329 594 2379 pinetis
627 2327 799 2366 nemoris
832 2328 920 2378 iuga
951 2325 1185 2380 Nonacrini,

161 2399 266 2426 ovn).
303 2401 361 2427 111,
1172 2396 1214 2428 16
