<?xml version="1.0" encoding="UTF-8"?>
<!DOCTYPE html PUBLIC "-//W3C//DTD XHTML 1.0 Transitional//EN"
    "http://www.w3.org/TR/xhtml1/DTD/xhtml1-transitional.dtd">
<html xmlns="http://www.w3.org/1999/xhtml" xml:lang="en" lang="en">
 <head>
  <title>
</title>
<meta http-equiv="Content-Type" content="text/html;charset=utf-8" />
  <meta name='ocr-system' content='tesseract 3.04.00' />
  <meta name='ocr-capabilities' content='ocr_page ocr_carea ocr_par ocr_line ocrx_word'/>
</head>
<body>
  <div class='ocr_page' id='page_1' title='image "./ovidopera03oviduoft_0063.png"; bbox 0 0 1570 2527; ppageno 0'>
   <div class='ocr_carea' id='block_1_1' title="bbox 615 110 1407 150">
    <p class='ocr_par' dir='ltr' id='par_1_1' title="bbox 615 110 1407 150">
     <span class='ocr_line' id='line_1_1' title="bbox 615 110 1407 150; baseline 0.009 -7"><span class='ocrx_word' id='word_1_1' title='bbox 615 111 642 144; x_wconf 91' lang='lat'>1.</span> <span class='ocrx_word' id='word_1_2' title='bbox 668 118 717 143; x_wconf 70' lang='grc' dir='ltr'>ω</span> <span class='ocrx_word' id='word_1_3' title='bbox 736 113 861 144; x_wconf 80' lang='lat'>5—77.</span> <span class='ocrx_word' id='word_1_4' title='bbox 1382 110 1407 150; x_wconf 87' lang='lat'>9</span> 
     </span>
    </p>
   </div>
   <div class='ocr_carea' id='block_1_2' title="bbox 118 218 1397 2029">
    <p class='ocr_par' dir='ltr' id='par_1_2' title="bbox 118 218 1397 2029">
     <span class='ocr_line' id='line_1_2' title="bbox 186 218 991 271; baseline -0.001 -12"><span class='ocrx_word' id='word_1_5' title='bbox 186 218 369 271; x_wconf 85' lang='lat' dir='ltr'>singultu</span> <span class='ocrx_word' id='word_1_6' title='bbox 400 219 550 258; x_wconf 89' lang='lat' dir='ltr'>medios</span> <span class='ocrx_word' id='word_1_7' title='bbox 582 218 820 270; x_wconf 79' lang='lat' dir='ltr'>impediente</span> <span class='ocrx_word' id='word_1_8' title='bbox 853 231 991 258; x_wconf 87' lang='lat' dir='ltr'>sonos.</span> 
     </span>
     <span class='ocr_line' id='line_1_3' title="bbox 184 277 1188 329; baseline -0.001 -12"><span class='ocrx_word' id='word_1_9' title='bbox 184 277 252 317; x_wconf 88' lang='lat' dir='ltr'>Illa</span> <span class='ocrx_word' id='word_1_10' title='bbox 283 279 400 317; x_wconf 89' lang='lat' dir='ltr'>etiam</span> <span class='ocrx_word' id='word_1_11' title='bbox 433 283 521 317; x_wconf 90' lang='lat' dir='ltr'>ante</span> <span class='ocrx_word' id='word_1_12' title='bbox 553 277 655 316; x_wconf 89' lang='lat' dir='ltr'>lares</span> <span class='ocrx_word' id='word_1_13' title='bbox 687 279 812 328; x_wconf 89' lang='lat' dir='ltr'>passis</span> <span class='ocrx_word' id='word_1_14' title='bbox 845 278 1014 317; x_wconf 81' lang='lat' dir='ltr'><strong>adstrata</strong></span> <span class='ocrx_word' id='word_1_15' title='bbox 1041 277 1188 329; x_wconf 79' lang='lat' dir='ltr'>capillis</span> 
     </span>
     <span class='ocr_line' id='line_1_4' title="bbox 185 336 1072 388; baseline -0.001 -12"><span class='ocrx_word' id='word_1_16' title='bbox 185 336 358 388; x_wconf 85' lang='lat' dir='ltr'>Contigit</span> <span class='ocrx_word' id='word_1_17' title='bbox 388 338 581 376; x_wconf 82' lang='lat' dir='ltr'>extinctos</span> <span class='ocrx_word' id='word_1_18' title='bbox 613 348 681 375; x_wconf 88' lang='lat' dir='ltr'>ore</span> <span class='ocrx_word' id='word_1_19' title='bbox 712 342 908 375; x_wconf 87' lang='lat' dir='ltr'>tremente</span> <span class='ocrx_word' id='word_1_20' title='bbox 941 337 1072 388; x_wconf 84' lang='lat' dir='ltr'>focos,</span> 
     </span>
     <span class='ocr_line' id='line_1_5' title="bbox 119 394 1183 446; baseline -0.002 -11"><span class='ocrx_word' id='word_1_21' title='bbox 119 403 164 435; x_wconf 84' lang='lat'>45</span> <span class='ocrx_word' id='word_1_22' title='bbox 184 395 383 446; x_wconf 88' lang='lat' dir='ltr'>Multaque</span> <span class='ocrx_word' id='word_1_23' title='bbox 415 397 456 434; x_wconf 88' lang='lat' dir='ltr'>in</span> <span class='ocrx_word' id='word_1_24' title='bbox 488 395 673 434; x_wconf 86' lang='lat' dir='ltr'>adversos</span> <span class='ocrx_word' id='word_1_25' title='bbox 705 395 843 434; x_wconf 87' lang='lat' dir='ltr'>effudit</span> <span class='ocrx_word' id='word_1_26' title='bbox 874 394 992 434; x_wconf 87' lang='lat' dir='ltr'>verba</span> <span class='ocrx_word' id='word_1_27' title='bbox 1023 400 1183 446; x_wconf 88' lang='lat' dir='ltr'>penates</span> 
     </span>
     <span class='ocr_line' id='line_1_6' title="bbox 183 452 941 506; baseline 0 -14"><span class='ocrx_word' id='word_1_28' title='bbox 183 454 260 493; x_wconf 94' lang='lat' dir='ltr'>Pro</span> <span class='ocrx_word' id='word_1_29' title='bbox 293 453 495 506; x_wconf 87' lang='lat' dir='ltr'>deplorato</span> <span class='ocrx_word' id='word_1_30' title='bbox 529 466 608 492; x_wconf 89' lang='lat' dir='ltr'>non</span> <span class='ocrx_word' id='word_1_31' title='bbox 639 452 804 493; x_wconf 80' lang='lat' dir='ltr'>valitura</span> <span class='ocrx_word' id='word_1_32' title='bbox 835 455 941 492; x_wconf 78' lang='lat' dir='ltr'>viro.</span> 
     </span>
     <span class='ocr_line' id='line_1_7' title="bbox 183 511 1323 564; baseline -0.001 -12"><span class='ocrx_word' id='word_1_33' title='bbox 183 512 342 564; x_wconf 87' lang='lat' dir='ltr'>Iamque</span> <span class='ocrx_word' id='word_1_34' title='bbox 375 524 506 551; x_wconf 89' lang='lat' dir='ltr'>morae</span> <span class='ocrx_word' id='word_1_35' title='bbox 540 514 710 563; x_wconf 88' lang='lat' dir='ltr'>spatium</span> <span class='ocrx_word' id='word_1_36' title='bbox 742 524 818 551; x_wconf 87' lang='lat' dir='ltr'>nox</span> <span class='ocrx_word' id='word_1_37' title='bbox 850 513 1105 563; x_wconf 87' lang='lat' dir='ltr'>praecipitata</span> <span class='ocrx_word' id='word_1_38' title='bbox 1136 511 1323 564; x_wconf 85' lang='lat' dir='ltr'>negabat,</span> 
     </span>
     <span class='ocr_line' id='line_1_8' title="bbox 183 570 1206 622; baseline 0.001 -13"><span class='ocrx_word' id='word_1_39' title='bbox 183 570 383 622; x_wconf 89' lang='lat' dir='ltr'>Versaque</span> <span class='ocrx_word' id='word_1_40' title='bbox 417 570 463 609; x_wconf 91' lang='lat' dir='ltr'>ab</span> <span class='ocrx_word' id='word_1_41' title='bbox 496 583 564 609; x_wconf 77' lang='lat' dir='ltr'>axe</span> <span class='ocrx_word' id='word_1_42' title='bbox 599 583 670 610; x_wconf 92' lang='lat' dir='ltr'>suo</span> <span class='ocrx_word' id='word_1_43' title='bbox 703 570 906 610; x_wconf 89' lang='lat' dir='ltr'>Parrhasis</span> <span class='ocrx_word' id='word_1_44' title='bbox 939 577 1068 610; x_wconf 87' lang='lat' dir='ltr'>arctos</span> <span class='ocrx_word' id='word_1_45' title='bbox 1102 576 1206 610; x_wconf 88' lang='lat' dir='ltr'>erat.</span> 
     </span>
     <span class='ocr_line' id='line_1_9' title="bbox 185 627 1319 681; baseline 0 -13"><span class='ocrx_word' id='word_1_46' title='bbox 185 629 287 676; x_wconf 88' lang='lat' dir='ltr'>Quid</span> <span class='ocrx_word' id='word_1_47' title='bbox 319 630 490 668; x_wconf 83' lang='lat' dir='ltr'>facerem</span> <span class='ocrx_word' id='word_1_48' title='bbox 509 627 530 668; x_wconf 69' lang='lat' dir='ltr'>i&gt;</span> <span class='ocrx_word' id='word_1_49' title='bbox 574 629 715 668; x_wconf 87' lang='lat' dir='ltr'>blando</span> <span class='ocrx_word' id='word_1_50' title='bbox 748 631 896 681; x_wconf 81' lang='lat' dir='ltr'>patriae</span> <span class='ocrx_word' id='word_1_51' title='bbox 929 629 1130 669; x_wconf 87' lang='lat' dir='ltr'>retinebar</span> <span class='ocrx_word' id='word_1_52' title='bbox 1161 642 1319 669; x_wconf 90' lang='lat' dir='ltr'>amore:</span> 
     </span>
     <span class='ocr_line' id='line_1_10' title="bbox 121 688 1081 739; baseline 0.001 -12"><span class='ocrx_word' id='word_1_53' title='bbox 121 696 166 727; x_wconf 88' lang='lat'>50</span> <span class='ocrx_word' id='word_1_54' title='bbox 186 688 330 727; x_wconf 88' lang='lat' dir='ltr'>Ultima</span> <span class='ocrx_word' id='word_1_55' title='bbox 362 688 431 726; x_wconf 91' lang='lat' dir='ltr'>sed</span> <span class='ocrx_word' id='word_1_56' title='bbox 463 689 592 726; x_wconf 85' lang='lat' dir='ltr'>iussae</span> <span class='ocrx_word' id='word_1_57' title='bbox 625 700 702 726; x_wconf 83' lang='lat' dir='ltr'>nox</span> <span class='ocrx_word' id='word_1_58' title='bbox 734 694 817 726; x_wconf 89' lang='lat' dir='ltr'>erat</span> <span class='ocrx_word' id='word_1_59' title='bbox 849 688 913 727; x_wconf 88' lang='lat' dir='ltr'>illa</span> <span class='ocrx_word' id='word_1_60' title='bbox 944 689 1081 739; x_wconf 85' lang='lat' dir='ltr'>fugae.</span> 
     </span>
     <span class='ocr_line' id='line_1_11' title="bbox 184 743 1362 799; baseline 0.002 -15"><span class='ocrx_word' id='word_1_61' title='bbox 184 745 245 784; x_wconf 81' lang='lat' dir='ltr'>A!</span> <span class='ocrx_word' id='word_1_62' title='bbox 278 747 460 797; x_wconf 87' lang='lat' dir='ltr'>quotiens</span> <span class='ocrx_word' id='word_1_63' title='bbox 492 746 622 797; x_wconf 87' lang='lat' dir='ltr'>aliquo</span> <span class='ocrx_word' id='word_1_64' title='bbox 649 746 728 784; x_wconf 81' lang='lat' dir='ltr'>dixi</span> <span class='ocrx_word' id='word_1_65' title='bbox 758 752 996 797; x_wconf 72' lang='lat' dir='ltr'>properante</span> <span class='ocrx_word' id='word_1_66' title='bbox 1030 744 1147 792; x_wconf 72' lang='lat' dir='ltr'>‘Quid</span> <span class='ocrx_word' id='word_1_67' title='bbox 1181 743 1362 799; x_wconf 82' lang='lat' dir='ltr'>urgues?</span> 
     </span>
     <span class='ocr_line' id='line_1_12' title="bbox 183 802 1095 856; baseline 0 -13"><span class='ocrx_word' id='word_1_68' title='bbox 183 803 252 843; x_wconf 92' lang='lat' dir='ltr'>Vel</span> <span class='ocrx_word' id='word_1_69' title='bbox 285 816 363 856; x_wconf 90' lang='lat' dir='ltr'>quo</span> <span class='ocrx_word' id='word_1_70' title='bbox 395 805 559 843; x_wconf 89' lang='lat' dir='ltr'>festinas</span> <span class='ocrx_word' id='word_1_71' title='bbox 591 805 648 843; x_wconf 86' lang='lat' dir='ltr'>ire</span> <span class='ocrx_word' id='word_1_72' title='bbox 668 835 679 856; x_wconf 87' lang='lat'><em>‚</em></span> <span class='ocrx_word' id='word_1_73' title='bbox 711 804 771 842; x_wconf 90' lang='lat' dir='ltr'>vel</span> <span class='ocrx_word' id='word_1_74' title='bbox 803 804 936 854; x_wconf 87' lang='lat' dir='ltr'>unde,</span> <span class='ocrx_word' id='word_1_75' title='bbox 971 802 1095 843; x_wconf 81' lang='lat' dir='ltr'>videl&#39;</span> 
     </span>
     <span class='ocr_line' id='line_1_13' title="bbox 184 862 1254 915; baseline 0 -13"><span class='ocrx_word' id='word_1_76' title='bbox 184 862 245 902; x_wconf 81' lang='lat' dir='ltr'>A!</span> <span class='ocrx_word' id='word_1_77' title='bbox 278 864 462 915; x_wconf 86' lang='lat' dir='ltr'>quotiens</span> <span class='ocrx_word' id='word_1_78' title='bbox 494 869 643 902; x_wconf 87' lang='lat' dir='ltr'>certam</span> <span class='ocrx_word' id='word_1_79' title='bbox 674 874 736 902; x_wconf 90' lang='lat' dir='ltr'>me</span> <span class='ocrx_word' id='word_1_80' title='bbox 769 875 856 902; x_wconf 87' lang='lat' dir='ltr'>sum</span> <span class='ocrx_word' id='word_1_81' title='bbox 888 865 1077 902; x_wconf 84' lang='lat' dir='ltr'>mentitus</span> <span class='ocrx_word' id='word_1_82' title='bbox 1109 863 1254 902; x_wconf 86' lang='lat' dir='ltr'>habere</span> 
     </span>
     <span class='ocr_line' id='line_1_14' title="bbox 182 921 1137 973; baseline 0.001 -13"><span class='ocrx_word' id='word_1_83' title='bbox 182 921 328 961; x_wconf 85' lang='lat' dir='ltr'>Horam</span> <span class='ocrx_word' id='word_1_84' title='bbox 347 953 357 973; x_wconf 90' lang='lat'><em>‚</em></span> <span class='ocrx_word' id='word_1_85' title='bbox 389 923 613 973; x_wconf 84' lang='lat' dir='ltr'>propositae</span> <span class='ocrx_word' id='word_1_86' title='bbox 647 934 745 973; x_wconf 89' lang='lat' dir='ltr'>quae</span> <span class='ocrx_word' id='word_1_87' title='bbox 779 922 882 961; x_wconf 88' lang='lat' dir='ltr'>foret</span> <span class='ocrx_word' id='word_1_88' title='bbox 913 927 1000 973; x_wconf 88' lang='lat' dir='ltr'>apta</span> <span class='ocrx_word' id='word_1_89' title='bbox 1032 923 1137 961; x_wconf 76' lang='lat' dir='ltr'>viae.</span> 
     </span>
     <span class='ocr_line' id='line_1_15' title="bbox 118 980 1251 1033; baseline -0.001 -13"><span class='ocrx_word' id='word_1_90' title='bbox 118 989 161 1020; x_wconf 88' lang='lat'>55</span> <span class='ocrx_word' id='word_1_91' title='bbox 183 980 261 1019; x_wconf 88' lang='lat' dir='ltr'>Ter</span> <span class='ocrx_word' id='word_1_92' title='bbox 293 980 412 1019; x_wconf 89' lang='lat' dir='ltr'>limen</span> <span class='ocrx_word' id='word_1_93' title='bbox 444 982 583 1033; x_wconf 84' lang='lat' dir='ltr'>tetigi,</span> <span class='ocrx_word' id='word_1_94' title='bbox 616 986 676 1020; x_wconf 89' lang='lat' dir='ltr'>ter</span> <span class='ocrx_word' id='word_1_95' title='bbox 709 993 796 1020; x_wconf 88' lang='lat' dir='ltr'>sum</span> <span class='ocrx_word' id='word_1_96' title='bbox 827 987 1033 1020; x_wconf 87' lang='lat' dir='ltr'>revocatus</span> <span class='ocrx_word' id='word_1_97' title='bbox 1052 1012 1063 1032; x_wconf 86' lang='lat'>‚</span> <span class='ocrx_word' id='word_1_98' title='bbox 1097 986 1136 1020; x_wconf 88' lang='lat' dir='ltr'>et</span> <span class='ocrx_word' id='word_1_99' title='bbox 1166 982 1251 1032; x_wconf 88' lang='lat' dir='ltr'>ipse</span> 
     </span>
     <span class='ocr_line' id='line_1_16' title="bbox 187 1039 1084 1091; baseline 0 -13"><span class='ocrx_word' id='word_1_100' title='bbox 187 1039 399 1091; x_wconf 86' lang='lat' dir='ltr'>Indulgens</span> <span class='ocrx_word' id='word_1_101' title='bbox 432 1041 559 1078; x_wconf 89' lang='lat' dir='ltr'>animo</span> <span class='ocrx_word' id='word_1_102' title='bbox 591 1051 665 1090; x_wconf 86' lang='lat' dir='ltr'>pes</span> <span class='ocrx_word' id='word_1_103' title='bbox 693 1039 789 1078; x_wconf 89' lang='lat' dir='ltr'>mihi</span> <span class='ocrx_word' id='word_1_104' title='bbox 821 1039 958 1078; x_wconf 89' lang='lat' dir='ltr'>tardus</span> <span class='ocrx_word' id='word_1_105' title='bbox 991 1045 1084 1078; x_wconf 88' lang='lat' dir='ltr'>erat.</span> 
     </span>
     <span class='ocr_line' id='line_1_17' title="bbox 185 1097 1218 1151; baseline 0 -14"><span class='ocrx_word' id='word_1_106' title='bbox 185 1097 308 1150; x_wconf 88' lang='lat' dir='ltr'>Saepe</span> <span class='ocrx_word' id='word_1_107' title='bbox 341 1097 424 1137; x_wconf 88' lang='lat' dir='ltr'>vale</span> <span class='ocrx_word' id='word_1_108' title='bbox 457 1098 560 1137; x_wconf 86' lang='lat' dir='ltr'>dicto</span> <span class='ocrx_word' id='word_1_109' title='bbox 592 1110 733 1137; x_wconf 89' lang='lat' dir='ltr'>rursus</span> <span class='ocrx_word' id='word_1_110' title='bbox 766 1110 854 1137; x_wconf 87' lang='lat' dir='ltr'>sum</span> <span class='ocrx_word' id='word_1_111' title='bbox 885 1098 1006 1137; x_wconf 90' lang='lat' dir='ltr'>multa</span> <span class='ocrx_word' id='word_1_112' title='bbox 1039 1098 1218 1151; x_wconf 78' lang='lat' dir='ltr'>loeutus,</span> 
     </span>
     <span class='ocr_line' id='line_1_18' title="bbox 182 1156 1108 1208; baseline 0 -13"><span class='ocrx_word' id='word_1_113' title='bbox 182 1156 233 1196; x_wconf 88' lang='lat' dir='ltr'>Et</span> <span class='ocrx_word' id='word_1_114' title='bbox 265 1158 376 1208; x_wconf 87' lang='lat' dir='ltr'>quasi</span> <span class='ocrx_word' id='word_1_115' title='bbox 409 1156 615 1195; x_wconf 79' lang='lat' dir='ltr'>discedens</span> <span class='ocrx_word' id='word_1_116' title='bbox 647 1156 780 1196; x_wconf 87' lang='lat' dir='ltr'>oscula</span> <span class='ocrx_word' id='word_1_117' title='bbox 812 1169 964 1196; x_wconf 88' lang='lat' dir='ltr'>summa</span> <span class='ocrx_word' id='word_1_118' title='bbox 996 1156 1108 1196; x_wconf 91' lang='lat' dir='ltr'>dedi.</span> 
     </span>
     <span class='ocr_line' id='line_1_19' title="bbox 185 1215 1278 1268; baseline 0 -14"><span class='ocrx_word' id='word_1_119' title='bbox 185 1215 309 1267; x_wconf 84' lang='lat' dir='ltr'>Saepe</span> <span class='ocrx_word' id='word_1_120' title='bbox 342 1215 477 1254; x_wconf 88' lang='lat' dir='ltr'>eadem</span> <span class='ocrx_word' id='word_1_121' title='bbox 510 1215 691 1254; x_wconf 86' lang='lat' dir='ltr'>mandata</span> <span class='ocrx_word' id='word_1_122' title='bbox 723 1215 813 1254; x_wconf 88' lang='lat' dir='ltr'>dedi</span> <span class='ocrx_word' id='word_1_123' title='bbox 846 1228 987 1266; x_wconf 89' lang='lat' dir='ltr'>meque</span> <span class='ocrx_word' id='word_1_124' title='bbox 1019 1217 1103 1267; x_wconf 82' lang='lat' dir='ltr'>ipse</span> <span class='ocrx_word' id='word_1_125' title='bbox 1136 1215 1278 1268; x_wconf 83' lang='lat' dir='ltr'>fefelli,</span> 
     </span>
     <span class='ocr_line' id='line_1_20' title="bbox 119 1274 1034 1325; baseline -0.001 -11"><span class='ocrx_word' id='word_1_126' title='bbox 119 1283 162 1315; x_wconf 88' lang='grc'>60</span> <span class='ocrx_word' id='word_1_127' title='bbox 183 1274 413 1325; x_wconf 79' lang='lat' dir='ltr'>Respiciens</span> <span class='ocrx_word' id='word_1_128' title='bbox 446 1274 570 1313; x_wconf 88' lang='lat' dir='ltr'>oculis</span> <span class='ocrx_word' id='word_1_129' title='bbox 601 1275 766 1325; x_wconf 83' lang='lat' dir='ltr'>pignora</span> <span class='ocrx_word' id='word_1_130' title='bbox 798 1286 887 1313; x_wconf 86' lang='lat' dir='ltr'>cara</span> <span class='ocrx_word' id='word_1_131' title='bbox 913 1276 1034 1313; x_wconf 86' lang='lat' dir='ltr'>meis.</span> 
     </span>
     <span class='ocr_line' id='line_1_21' title="bbox 184 1330 1397 1385; baseline 0 -14"><span class='ocrx_word' id='word_1_132' title='bbox 184 1332 361 1384; x_wconf 91' lang='lat' dir='ltr'>Denique</span> <span class='ocrx_word' id='word_1_133' title='bbox 390 1330 507 1379; x_wconf 73' lang='lat' dir='ltr'>‘Quid</span> <span class='ocrx_word' id='word_1_134' title='bbox 533 1345 703 1384; x_wconf 91' lang='lat' dir='ltr'>propero</span> <span class='ocrx_word' id='word_1_135' title='bbox 723 1331 744 1371; x_wconf 71' lang='lat' dir='ltr'>i&gt;</span> <span class='ocrx_word' id='word_1_136' title='bbox 778 1333 934 1385; x_wconf 69' lang='lat' dir='ltr'>Scythia</span> <span class='ocrx_word' id='word_1_137' title='bbox 962 1339 1051 1385; x_wconf 84' lang='lat' dir='ltr'>est,</span> <span class='ocrx_word' id='word_1_138' title='bbox 1084 1345 1160 1384; x_wconf 88' lang='lat' dir='ltr'>quo</span> <span class='ocrx_word' id='word_1_139' title='bbox 1188 1330 1397 1372; x_wconf 83' lang='lat' dir='ltr'>mittimur’</span> 
     </span>
     <span class='ocr_line' id='line_1_22' title="bbox 908 1393 1068 1442; baseline -0.006 -12"><span class='ocrx_word' id='word_1_140' title='bbox 908 1393 1068 1442; x_wconf 87' lang='lat' dir='ltr'>inquam</span> 
     </span>
     <span class='ocr_line' id='line_1_23' title="bbox 185 1448 1338 1501; baseline 0.002 -13"><span class='ocrx_word' id='word_1_141' title='bbox 185 1448 324 1489; x_wconf 74' lang='lat' dir='ltr'>‘Roma</span> <span class='ocrx_word' id='word_1_142' title='bbox 355 1450 614 1501; x_wconf 88' lang='lat' dir='ltr'>relinquenda</span> <span class='ocrx_word' id='word_1_143' title='bbox 646 1455 706 1488; x_wconf 87' lang='lat' dir='ltr'>est</span> <span class='ocrx_word' id='word_1_144' title='bbox 726 1480 734 1489; x_wconf 93' lang='lat'><strong>.</strong></span> <span class='ocrx_word' id='word_1_145' title='bbox 779 1455 946 1500; x_wconf 84' lang='lat' dir='ltr'>utraque</span> <span class='ocrx_word' id='word_1_146' title='bbox 979 1452 1082 1488; x_wconf 89' lang='lat' dir='ltr'>iusta</span> <span class='ocrx_word' id='word_1_147' title='bbox 1113 1462 1223 1489; x_wconf 89' lang='lat' dir='ltr'>mora</span> <span class='ocrx_word' id='word_1_148' title='bbox 1255 1456 1338 1490; x_wconf 87' lang='lat' dir='ltr'>est.</span> 
     </span>
     <span class='ocr_line' id='line_1_24' title="bbox 183 1508 1185 1560; baseline 0 -13"><span class='ocrx_word' id='word_1_149' title='bbox 183 1508 290 1547; x_wconf 83' lang='lat' dir='ltr'>Uxor</span> <span class='ocrx_word' id='word_1_150' title='bbox 320 1510 362 1547; x_wconf 90' lang='lat' dir='ltr'>in</span> <span class='ocrx_word' id='word_1_151' title='bbox 394 1514 598 1547; x_wconf 86' lang='lat' dir='ltr'>aeternum</span> <span class='ocrx_word' id='word_1_152' title='bbox 630 1510 714 1546; x_wconf 84' lang='lat' dir='ltr'>vivo</span> <span class='ocrx_word' id='word_1_153' title='bbox 748 1508 842 1546; x_wconf 87' lang='lat' dir='ltr'>mihi</span> <span class='ocrx_word' id='word_1_154' title='bbox 876 1510 957 1546; x_wconf 86' lang='lat' dir='ltr'>viva</span> <span class='ocrx_word' id='word_1_155' title='bbox 990 1514 1156 1559; x_wconf 84' lang='lat' dir='ltr'>negatur</span> <span class='ocrx_word' id='word_1_156' title='bbox 1175 1540 1185 1560; x_wconf 87' lang='lat'><em>,</em></span> 
     </span>
     <span class='ocr_line' id='line_1_25' title="bbox 183 1566 1167 1618; baseline 0 -13"><span class='ocrx_word' id='word_1_157' title='bbox 183 1566 234 1606; x_wconf 87' lang='lat' dir='ltr'>Et</span> <span class='ocrx_word' id='word_1_158' title='bbox 265 1567 404 1605; x_wconf 88' lang='lat' dir='ltr'>domus</span> <span class='ocrx_word' id='word_1_159' title='bbox 438 1572 476 1605; x_wconf 82' lang='lat' dir='ltr'>et</span> <span class='ocrx_word' id='word_1_160' title='bbox 508 1566 606 1605; x_wconf 88' lang='lat' dir='ltr'>fidae</span> <span class='ocrx_word' id='word_1_161' title='bbox 639 1566 766 1605; x_wconf 89' lang='lat' dir='ltr'>dulcia</span> <span class='ocrx_word' id='word_1_162' title='bbox 799 1566 974 1605; x_wconf 89' lang='lat' dir='ltr'>membra</span> <span class='ocrx_word' id='word_1_163' title='bbox 1006 1567 1167 1618; x_wconf 85' lang='lat' dir='ltr'>domus,</span> 
     </span>
     <span class='ocr_line' id='line_1_26' title="bbox 120 1625 1184 1676; baseline -0.001 -11"><span class='ocrx_word' id='word_1_164' title='bbox 120 1634 162 1665; x_wconf 84' lang='lat'>65</span> <span class='ocrx_word' id='word_1_165' title='bbox 185 1626 371 1676; x_wconf 87' lang='lat' dir='ltr'>Quosque</span> <span class='ocrx_word' id='word_1_166' title='bbox 404 1637 476 1676; x_wconf 83' lang='lat' dir='ltr'>ego</span> <span class='ocrx_word' id='word_1_167' title='bbox 509 1625 626 1663; x_wconf 84' lang='lat' dir='ltr'>dilexi</span> <span class='ocrx_word' id='word_1_168' title='bbox 659 1625 832 1664; x_wconf 86' lang='lat' dir='ltr'>fraterno</span> <span class='ocrx_word' id='word_1_169' title='bbox 866 1637 975 1664; x_wconf 87' lang='lat' dir='ltr'>more</span> <span class='ocrx_word' id='word_1_170' title='bbox 1009 1625 1184 1676; x_wconf 87' lang='lat' dir='ltr'>sodales,</span> 
     </span>
     <span class='ocr_line' id='line_1_27' title="bbox 184 1683 1013 1734; baseline 0 -11"><span class='ocrx_word' id='word_1_171' title='bbox 184 1683 215 1723; x_wconf 89' lang='grc' dir='ltr'>Ο</span> <span class='ocrx_word' id='word_1_172' title='bbox 249 1684 344 1722; x_wconf 89' lang='lat' dir='ltr'>mihi</span> <span class='ocrx_word' id='word_1_173' title='bbox 376 1683 526 1722; x_wconf 89' lang='lat' dir='ltr'>Thesea</span> <span class='ocrx_word' id='word_1_174' title='bbox 557 1689 718 1734; x_wconf 86' lang='lat' dir='ltr'>pectora</span> <span class='ocrx_word' id='word_1_175' title='bbox 749 1685 881 1722; x_wconf 89' lang='lat' dir='ltr'>iuncta</span> <span class='ocrx_word' id='word_1_176' title='bbox 914 1683 1013 1723; x_wconf 82' lang='lat' dir='ltr'>fide!</span> 
     </span>
     <span class='ocr_line' id='line_1_28' title="bbox 184 1741 1338 1795; baseline 0.002 -14"><span class='ocrx_word' id='word_1_177' title='bbox 184 1742 284 1781; x_wconf 89' lang='lat' dir='ltr'>Dum</span> <span class='ocrx_word' id='word_1_178' title='bbox 315 1742 437 1795; x_wconf 86' lang='lat' dir='ltr'>licet,</span> <span class='ocrx_word' id='word_1_179' title='bbox 468 1741 708 1793; x_wconf 89' lang='lat' dir='ltr'>amplectar.</span> <span class='ocrx_word' id='word_1_180' title='bbox 757 1754 972 1793; x_wconf 87' lang='lat' dir='ltr'>numquam</span> <span class='ocrx_word' id='word_1_181' title='bbox 1006 1743 1171 1782; x_wconf 82' lang='lat' dir='ltr'>fortasse</span> <span class='ocrx_word' id='word_1_182' title='bbox 1204 1743 1338 1783; x_wconf 82' lang='lat' dir='ltr'>licebit</span> 
     </span>
     <span class='ocr_line' id='line_1_29' title="bbox 182 1800 1283 1853; baseline 0.002 -14"><span class='ocrx_word' id='word_1_183' title='bbox 182 1800 359 1853; x_wconf 87' lang='lat' dir='ltr'>Amplius</span> <span class='ocrx_word' id='word_1_184' title='bbox 432 1803 473 1839; x_wconf 90' lang='lat' dir='ltr'>in</span> <span class='ocrx_word' id='word_1_185' title='bbox 506 1800 616 1839; x_wconf 87' lang='lat' dir='ltr'>lucro</span> <span class='ocrx_word' id='word_1_186' title='bbox 650 1806 711 1839; x_wconf 86' lang='lat' dir='ltr'>est</span> <span class='ocrx_word' id='word_1_187' title='bbox 743 1813 842 1852; x_wconf 87' lang='lat' dir='ltr'>quae</span> <span class='ocrx_word' id='word_1_188' title='bbox 875 1801 990 1840; x_wconf 85' lang='lat' dir='ltr'>datur</span> <span class='ocrx_word' id='word_1_189' title='bbox 1022 1801 1118 1840; x_wconf 86' lang='lat' dir='ltr'>hora</span> <span class='ocrx_word' id='word_1_190' title='bbox 1151 1802 1245 1841; x_wconf 89' lang='lat' dir='ltr'>mihi</span> <span class='ocrx_word' id='word_1_191' title='bbox 1261 1800 1283 1841; x_wconf 80' lang='lat'>.&#39;</span> 
     </span>
     <span class='ocr_line' id='line_1_30' title="bbox 182 1859 1303 1913; baseline 0.001 -15"><span class='ocrx_word' id='word_1_192' title='bbox 182 1859 263 1898; x_wconf 92' lang='lat' dir='ltr'>Nec</span> <span class='ocrx_word' id='word_1_193' title='bbox 295 1871 433 1912; x_wconf 84' lang='lat' dir='ltr'>mora,</span> <span class='ocrx_word' id='word_1_194' title='bbox 466 1861 660 1898; x_wconf 88' lang='lat' dir='ltr'>sermonis</span> <span class='ocrx_word' id='word_1_195' title='bbox 693 1859 811 1898; x_wconf 87' lang='lat' dir='ltr'>verba</span> <span class='ocrx_word' id='word_1_196' title='bbox 843 1860 1061 1911; x_wconf 82' lang='lat' dir='ltr'>inperfecta</span> <span class='ocrx_word' id='word_1_197' title='bbox 1093 1860 1273 1912; x_wconf 84' lang='lat' dir='ltr'>relinquo</span> <span class='ocrx_word' id='word_1_198' title='bbox 1293 1893 1303 1913; x_wconf 89' lang='lat'><em>‚</em></span> 
     </span>
     <span class='ocr_line' id='line_1_31' title="bbox 119 1918 1172 1970; baseline -0.002 -11"><span class='ocrx_word' id='word_1_199' title='bbox 119 1927 162 1959; x_wconf 80' lang='lat'>70</span> <span class='ocrx_word' id='word_1_200' title='bbox 183 1918 458 1970; x_wconf 87' lang='lat' dir='ltr'>Complectens</span> <span class='ocrx_word' id='word_1_201' title='bbox 492 1920 619 1957; x_wconf 89' lang='lat' dir='ltr'>animo</span> <span class='ocrx_word' id='word_1_202' title='bbox 652 1920 829 1970; x_wconf 85' lang='lat' dir='ltr'>proxima</span> <span class='ocrx_word' id='word_1_203' title='bbox 861 1931 1042 1970; x_wconf 87' lang='lat' dir='ltr'>quaeque</span> <span class='ocrx_word' id='word_1_204' title='bbox 1074 1930 1172 1957; x_wconf 88' lang='lat' dir='ltr'>meo.</span> 
     </span>
     <span class='ocr_line' id='line_1_32' title="bbox 182 1977 1297 2029; baseline 0 -13"><span class='ocrx_word' id='word_1_205' title='bbox 182 1977 285 2016; x_wconf 89' lang='lat' dir='ltr'>Dum</span> <span class='ocrx_word' id='word_1_206' title='bbox 315 1977 455 2028; x_wconf 90' lang='lat' dir='ltr'>loquor</span> <span class='ocrx_word' id='word_1_207' title='bbox 488 1983 527 2016; x_wconf 88' lang='lat' dir='ltr'>et</span> <span class='ocrx_word' id='word_1_208' title='bbox 557 1977 697 2016; x_wconf 85' lang='lat' dir='ltr'>flemus</span> <span class='ocrx_word' id='word_1_209' title='bbox 719 2009 731 2029; x_wconf 86' lang='lat'><em>‚</em></span> <span class='ocrx_word' id='word_1_210' title='bbox 763 1977 869 2016; x_wconf 88' lang='lat' dir='ltr'>caelo</span> <span class='ocrx_word' id='word_1_211' title='bbox 902 1977 1163 2016; x_wconf 88' lang='lat' dir='ltr'>nitidissimus</span> <span class='ocrx_word' id='word_1_212' title='bbox 1196 1977 1297 2029; x_wconf 88' lang='lat' dir='ltr'>alto,</span> 
     </span>
    </p>
   </div>
   <div class='ocr_carea' id='block_1_3' title="bbox 1400 1365 1410 1386">
    <p class='ocr_par' dir='ltr' id='par_1_3' title="bbox 1400 1365 1410 1386">
     <span class='ocr_line' id='line_1_33' title="bbox 1400 1365 1410 1386; baseline 0 0"><span class='ocrx_word' id='word_1_213' title='bbox 1400 1365 1410 1386; x_wconf 79' lang='lat'><em>7</em></span> 
     </span>
    </p>
   </div>
   <div class='ocr_carea' id='block_1_4' title="bbox 121 2035 1410 2381">
    <p class='ocr_par' dir='ltr' id='par_1_4' title="bbox 182 2035 1410 2205">
     <span class='ocr_line' id='line_1_34' title="bbox 185 2035 1116 2088; baseline 0 -14"><span class='ocrx_word' id='word_1_214' title='bbox 185 2035 305 2075; x_wconf 87' lang='lat' dir='ltr'>Stella</span> <span class='ocrx_word' id='word_1_215' title='bbox 336 2037 464 2087; x_wconf 83' lang='lat' dir='ltr'>gravis</span> <span class='ocrx_word' id='word_1_216' title='bbox 496 2035 609 2075; x_wconf 90' lang='lat' dir='ltr'>nobis</span> <span class='ocrx_word' id='word_1_217' title='bbox 631 2067 642 2088; x_wconf 86' lang='lat'><em>‚</em></span> <span class='ocrx_word' id='word_1_218' title='bbox 674 2035 833 2075; x_wconf 88' lang='lat' dir='ltr'>Lucifer</span> <span class='ocrx_word' id='word_1_219' title='bbox 866 2042 977 2075; x_wconf 89' lang='lat' dir='ltr'>ortus</span> <span class='ocrx_word' id='word_1_220' title='bbox 1011 2041 1116 2075; x_wconf 87' lang='lat' dir='ltr'>erat.</span> 
     </span>
     <span class='ocr_line' id='line_1_35' title="bbox 183 2094 1410 2148; baseline 0.001 -15"><span class='ocrx_word' id='word_1_221' title='bbox 183 2094 343 2134; x_wconf 89' lang='lat' dir='ltr'>Dividor</span> <span class='ocrx_word' id='word_1_222' title='bbox 362 2094 466 2134; x_wconf 91' lang='lat' dir='ltr'>haud</span> <span class='ocrx_word' id='word_1_223' title='bbox 492 2094 627 2146; x_wconf 83' lang='lat' dir='ltr'>aliter,</span> <span class='ocrx_word' id='word_1_224' title='bbox 661 2107 777 2146; x_wconf 91' lang='lat' dir='ltr'>quam</span> <span class='ocrx_word' id='word_1_225' title='bbox 804 2096 838 2133; x_wconf 94' lang='lat' dir='ltr'>si</span> <span class='ocrx_word' id='word_1_226' title='bbox 864 2107 948 2133; x_wconf 89' lang='lat' dir='ltr'>mea</span> <span class='ocrx_word' id='word_1_227' title='bbox 968 2094 1143 2133; x_wconf 87' lang='lat' dir='ltr'>membra</span> <span class='ocrx_word' id='word_1_228' title='bbox 1169 2094 1410 2148; x_wconf 85' lang='lat' dir='ltr'>relinquam,</span> 
     </span>
     <span class='ocr_line' id='line_1_36' title="bbox 182 2153 1099 2205; baseline 0 -13"><span class='ocrx_word' id='word_1_229' title='bbox 182 2153 232 2192; x_wconf 92' lang='lat' dir='ltr'>Et</span> <span class='ocrx_word' id='word_1_230' title='bbox 263 2166 354 2205; x_wconf 88' lang='lat' dir='ltr'>pars</span> <span class='ocrx_word' id='word_1_231' title='bbox 388 2153 570 2205; x_wconf 87' lang='lat' dir='ltr'>abrumpi</span> <span class='ocrx_word' id='word_1_232' title='bbox 602 2165 767 2205; x_wconf 89' lang='lat' dir='ltr'>corpore</span> <span class='ocrx_word' id='word_1_233' title='bbox 800 2155 881 2192; x_wconf 89' lang='lat' dir='ltr'>visa</span> <span class='ocrx_word' id='word_1_234' title='bbox 914 2165 984 2192; x_wconf 89' lang='lat' dir='ltr'>suo</span> <span class='ocrx_word' id='word_1_235' title='bbox 1017 2159 1099 2192; x_wconf 87' lang='lat' dir='ltr'>est.</span> 
     </span>
    </p>

    <p class='ocr_par' dir='ltr' id='par_1_5' title="bbox 121 2211 1333 2381">
     <span class='ocr_line' id='line_1_37' title="bbox 121 2211 1333 2263; baseline 0 -12"><span class='ocrx_word' id='word_1_236' title='bbox 121 2220 164 2251; x_wconf 82' lang='lat'>75</span> <span class='ocrx_word' id='word_1_237' title='bbox 187 2211 250 2251; x_wconf 90' lang='lat' dir='ltr'>Sic</span> <span class='ocrx_word' id='word_1_238' title='bbox 283 2212 408 2252; x_wconf 87' lang='lat' dir='ltr'>doluit</span> <span class='ocrx_word' id='word_1_239' title='bbox 438 2211 584 2251; x_wconf 87' lang='lat' dir='ltr'>Mettus</span> <span class='ocrx_word' id='word_1_240' title='bbox 619 2218 712 2252; x_wconf 89' lang='lat' dir='ltr'>tunc</span> <span class='ocrx_word' id='word_1_241' title='bbox 731 2243 741 2263; x_wconf 89' lang='lat'><strong><em>,</em></strong></span> <span class='ocrx_word' id='word_1_242' title='bbox 775 2224 865 2251; x_wconf 89' lang='lat' dir='ltr'>cum</span> <span class='ocrx_word' id='word_1_243' title='bbox 896 2213 937 2250; x_wconf 90' lang='lat' dir='ltr'>in</span> <span class='ocrx_word' id='word_1_244' title='bbox 971 2213 1166 2251; x_wconf 86' lang='lat' dir='ltr'>contraria</span> <span class='ocrx_word' id='word_1_245' title='bbox 1199 2224 1333 2251; x_wconf 82' lang='lat' dir='ltr'>versos</span> 
     </span>
     <span class='ocr_line' id='line_1_38' title="bbox 186 2269 955 2322; baseline 0.001 -14"><span class='ocrx_word' id='word_1_246' title='bbox 186 2269 341 2310; x_wconf 89' lang='lat' dir='ltr'>Ultores</span> <span class='ocrx_word' id='word_1_247' title='bbox 373 2271 509 2310; x_wconf 89' lang='lat' dir='ltr'>habuit</span> <span class='ocrx_word' id='word_1_248' title='bbox 540 2271 776 2322; x_wconf 91' lang='lat' dir='ltr'>proditionis</span> <span class='ocrx_word' id='word_1_249' title='bbox 811 2282 955 2321; x_wconf 87' lang='lat' dir='ltr'>equos.</span> 
     </span>
     <span class='ocr_line' id='line_1_39' title="bbox 184 2328 1308 2381; baseline 0.001 -14"><span class='ocrx_word' id='word_1_250' title='bbox 184 2328 284 2368; x_wconf 89' lang='lat' dir='ltr'>Tum</span> <span class='ocrx_word' id='word_1_251' title='bbox 316 2341 408 2368; x_wconf 88' lang='lat' dir='ltr'>vero</span> <span class='ocrx_word' id='word_1_252' title='bbox 442 2331 618 2369; x_wconf 84' lang='lat' dir='ltr'>exoritur</span> <span class='ocrx_word' id='word_1_253' title='bbox 650 2329 796 2368; x_wconf 86' lang='lat' dir='ltr'>clamor</span> <span class='ocrx_word' id='word_1_254' title='bbox 829 2331 1076 2381; x_wconf 86' lang='lat' dir='ltr'>gemitusque</span> <span class='ocrx_word' id='word_1_255' title='bbox 1108 2342 1308 2381; x_wconf 82' lang='lat' dir='ltr'>meorum,</span> 
     </span>
    </p>
   </div>
  </div>
 </body>
</html>
