1570 2527
148 133 173 175 3
178 132 232 172 22
689 132 943 164 FASTORUM

555 238 593 278 3.
627 236 720 289 [CC
740 240 1066 290 LVD-mom]

266 311 388 349 Nocte
421 312 549 348 minus
582 317 718 360 quarta
751 315 904 360 promet
936 323 1004 348 sua
1037 310 1162 348 sidera
1195 310 1340 350 Chiron

176 378 242 409 380
324 369 490 407 Semivir
522 374 561 407 et
592 369 680 407 ssavi
712 380 876 419 corpore
909 370 1054 407 mixtus
1086 370 1200 420 equi.

266 427 399 466 Pelion
433 427 666 466 Haemoniae
701 439 811 465 mons
844 432 903 465 est
934 427 1123 466 obversus
1154 428 1194 465 in
1226 433 1403 467 austros:

325 486 483 524 Summa
515 487 642 524 virent
673 488 797 537 pinu,
830 490 960 523 cetera
993 497 1164 536 quercus
1196 485 1334 525 habet.

263 544 495 595 Phillyrides
527 546 683 583 tenuit.
740 555 831 582 saxo
864 549 966 582 stant
998 549 1108 582 antra
1140 549 1316 596 vetusto,

325 603 432 648 Quae
465 604 610 641 iustum
644 608 861 641 memorant
891 602 1103 641 incoluisse
1137 614 1292 642 senem.

178 669 244 700 385
265 660 332 699 Ille
365 673 503 699 manus
535 661 625 699 olim
659 663 846 699 missuras
878 660 1044 699 Hectora
1076 660 1153 700 leto

325 719 508 758 Creditur
539 721 578 758 in
612 719 743 771 lyricis
775 719 990 758 detinuisse
1023 719 1170 758 modis.

264 777 431 816 Venerat
463 777 616 816 Alcides
648 778 834 816 exhausta
866 783 975 829 parte
1008 777 1209 830 laborum,

324 836 510 887 Iussaque
544 836 742 875 restabant
773 836 907 875 ultima
939 849 1061 888 paene
1093 838 1200 875 viro.

267 895 378 933 Stare
412 894 527 933 simul
559 907 652 934 casu
685 895 824 933 Troiae
857 895 934 933 duo
967 895 1042 933 fata
1074 894 1250 933 videres:

179 962 245 992 390
327 953 424 992 Hinc
456 965 555 1004 puer
587 953 801 1004 Aeacides,
833 953 923 991 hinc
956 952 1042 991 Iove
1076 958 1189 992 natus
1221 959 1326 992 erat.

264 1010 420 1062 Excipit
450 1011 620 1062 hospitio
652 1013 828 1050 iunctum
861 1011 1080 1062 Philyreius
1112 1011 1252 1062 heros,

323 1070 373 1108 Et
405 1082 560 1108 causam
593 1070 781 1108 adventus
812 1069 874 1107 hic
907 1075 1045 1120 rogat,
1077 1069 1141 1107 ille
1174 1069 1310 1108 docet.

265 1128 457 1178 Perspicit
487 1130 637 1167 interea
669 1127 814 1166 clavam
846 1127 1092 1178 spoliumque
1124 1127 1269 1179 leonis,
1407 1136 1480 1169 (175)

326 1183 511 1237 ‘Vir'que
545 1187 598 1224 ait
630 1183 711 1224 ‘his
743 1187 889 1237 armis,
922 1198 1105 1236 armaque
1137 1185 1252 1237 digna
1283 1183 1410 1225 virol'

178 1253 244 1284 395
266 1244 345 1283 Nec
378 1257 418 1283 se
438 1275 448 1295 ,
481 1246 574 1295 quin
607 1244 772 1283 horrens
804 1244 994 1283 auderent
1025 1249 1186 1295 tangere
1217 1246 1335 1284 saetis

324 1302 453 1341 Vellus
473 1334 483 1354 ,
516 1302 710 1341 Achilleae
743 1304 971 1341 continuere
1004 1314 1164 1342 manus.

265 1360 443 1412 Dumque
477 1373 593 1399 senex
628 1366 767 1400 tractat
799 1361 1014 1412 squalentia
1046 1360 1121 1400 tela
1152 1362 1335 1411 venenis,

324 1419 479 1457 Excidit
511 1426 549 1458 et
580 1419 686 1458 laevo
719 1420 790 1457 fixa
824 1421 960 1470 sagitta
993 1420 1090 1470 pede
1124 1424 1205 1458 est.

268 1477 459 1528 Ingemuit
492 1477 635 1517 Chiron
655 1509 665 1529 ,
698 1479 892 1528 traxitque
925 1490 945 1515 e
978 1489 1142 1528 corpore
1175 1478 1347 1516 serrum:

179 1544 246 1574 400
327 1536 375 1574 Et
407 1537 526 1586 gemit
558 1536 711 1574 Alcides
744 1536 1059 1586 Haemoniusque
1091 1547 1211 1586 puer.

266 1594 352 1644 Ipse
386 1600 515 1632 tamen
546 1594 666 1633 lectas
698 1594 901 1645 Pagasaeis
933 1594 1097 1632 collibus
1129 1594 1269 1632 herbas

326 1652 562 1704 Temperat,
596 1660 634 1691 et
665 1665 759 1692 vana
791 1653 948 1691 volnera
979 1652 1125 1691 mulcet
1156 1665 1251 1703 ope.

266 1710 381 1749 Virus
414 1711 508 1749 edax
542 1711 751 1762 superabat
782 1723 924 1763 opem,
955 1713 1190 1762 penitusque
1222 1716 1379 1762 recepta

326 1769 490 1807 Ossibus
522 1776 561 1807 et
593 1775 673 1807 toto
707 1781 871 1819 corpore
902 1771 1024 1820 pestis
1057 1774 1162 1807 erat.

180 1835 246 1866 405
269 1826 464 1877 Sanguine
497 1827 682 1865 Centauri
714 1827 908 1865 Lernaeae
941 1828 1098 1877 sanguis
1131 1827 1316 1865 echidnae

325 1886 467 1923 Mixtus
500 1885 545 1923 ad
578 1885 762 1924 auxilium
797 1892 969 1936 tempora
1002 1884 1105 1923 nulla
1138 1884 1274 1923 dabat.

269 1943 429 1996 Stabat,
462 1949 505 1982 ut
537 1950 624 1983 ante
656 1950 806 1994 patrem
826 1975 836 1995 ,
874 1944 1043 1982 lacrimis
1077 1943 1260 1994 perfusus
1292 1942 1480 1981 Achilles,

327 2002 391 2040 Sic
423 2002 575 2041 flendus
608 2002 777 2054 Peleus,
810 2004 841 2040 si
874 2006 1124 2053 moreretur,
1156 2006 1262 2040 erat.

269 2061 390 2111 Saepe
423 2073 561 2099 manus
593 2073 728 2111 aegras
759 2061 937 2099 manibus
971 2060 1137 2111 fingebat
1169 2061 1325 2098 amicis:
1358 2081 1400 2086 -—

181 2128 247 2158 410
328 2119 508 2170 Morum,
543 2131 640 2170 quos
674 2120 793 2171 fecit,
826 2120 995 2170 praemia
1028 2119 1164 2156 doctor
1195 2117 1312 2156 habet
1342 2139 1385 2144 —

269 2177 410 2215 Oscula
444 2190 557 2229 saepe
591 2178 725 2230 dedit,
758 2178 853 2216 dixit
886 2189 1040 2229 quoque
1073 2188 1186 2227 saepe
1218 2177 1362 2215 iacenti

328 2233 470 2287 ‘Vive,
502 2248 643 2287 precor
662 2268 672 2287 ,
705 2249 776 2275 nec
809 2249 868 2275 me
888 2268 898 2288 ,
932 2248 1019 2274 care
1038 2266 1049 2285 ,
1087 2234 1263 2284 relinque
1283 2266 1294 2287 ,
1325 2230 1479 2286 paterl'

268 2294 375 2331 Nona
409 2294 492 2332 dies
525 2295 685 2346 aderat,
718 2307 806 2333 cum
840 2301 910 2346 tu,
942 2295 1154 2333 iustissime
1187 2293 1355 2345 Chiron,

328 2352 391 2390 Bis
425 2360 573 2403 septem
607 2353 729 2392 stellis
761 2365 925 2404 corpora
957 2354 1108 2391 cinctus
1141 2363 1248 2390 eras.
