1570 2527
189 93 244 135 96
741 95 966 127 TRISTIUM

307 203 509 243 Moenibus
541 204 691 255 exiguis
723 204 958 254 ingenioque
990 203 1086 243 loci.

307 262 404 301 Cum
435 263 593 301 minime
626 260 762 300 credas
781 293 791 313 ‚
823 267 867 301 ut
898 263 1006 314 avis,
1038 261 1294 302 densissimus
1326 262 1450 302 hostis

242 329 287 360 20
306 320 467 359 Advolat
499 325 538 358 et
569 320 751 371 praedam
783 321 842 358 vix
876 319 975 359 bene
1007 322 1113 359 visus
1146 322 1244 372 agit.

310 379 432 430 Saepe
464 380 566 417 intra
598 390 731 417 muros
765 377 906 417 clausis
938 380 1132 418 venientia
1163 380 1286 431 portis

306 437 381 476 Per
414 437 559 475 medias
591 436 755 488 legimus
787 439 901 475 noxia
934 437 1008 475 tela
1040 439 1144 476 vias.

308 495 377 534 Est
407 496 526 546 igitur
558 507 700 547 rarus,
732 507 800 534 rus
834 496 900 545 qui
932 495 1060 533 colere
1092 495 1260 548 audeat,
1298 497 1409 548 isque

307 553 386 592 Hac
419 559 502 592 arat
532 553 694 606 infeHx‚
725 553 798 592 hac
829 558 938 592 tenet
969 565 1075 592 arma
1105 565 1245 593 11131111.

244 620 287 651 25
310 611 391 651 Sub
424 612 530 663 galea
562 618 694 663 pastor
726 613 872 650 iunctis
903 613 988 662 pice
1021 617 1151 651 cantat
1182 613 1337 665 avenis,

307 671 462 722 Proque
493 670 585 722 lupo
617 670 776 721 pavidae
810 669 907 709 bella
940 676 1126 709 verentur
1158 683 1271 709 oves.

307 729 377 768 Vix
410 741 482 780 ope
516 729 665 768 castelli
696 728 970 768 defendimur.
1021 734 1061 768 et
1091 735 1219 768 tamen
1251 731 1356 768 intus

306 788 422 826 Mixta
454 787 546 826 facit
577 787 734 826 Graecis
765 787 928 826 barbara
962 786 1075 826 turba
1106 793 1276 826 metum.

309 846 460 898 Quippe
494 845 609 885 31111111
640 845 754 885 1101113
787 844 934 884 113111131
966 845 1190 884 discrimine
1222 845 1327 885 1111110

243 913 286 944 30
308 905 501 944 Barbarus
535 910 573 944 et
605 906 698 943 tecti
729 904 817 955 plus
850 916 1005 955 quoque
1038 909 1147 954 parte
1178 909 1309 943 tenet.

309 964 414 1009 Quos
446 970 490 1002 ut
521 975 599 1002 non
630 964 767 1002 timeas
786 994 797 1014 ‚
828 964 954 1013 possis
987 962 1115 1001 odisse
1147 962 1311 1001 videndo

307 1022 480 1061 Pellibus
513 1028 551 1061 et
581 1021 694 1072 longa
727 1033 891 1071 corpora
924 1026 1025 1059 tecta
1057 1033 1187 1060 coma.

308 1080 387 1119 Hos
420 1092 605 1132 quoque,
638 1081 704 1131 qui
736 1081 857 1130 geniti
889 1079 1002 1118 Graia
1034 1079 1249 1118 creduntur
1281 1079 1328 1118 ab
1362 1080 1483 1132 111116,

308 1139 383 1177 Pro
415 1141 542 1190 patrio
576 1138 682 1177 cultu
715 1137 873 1178 Persica
905 1137 1021 1176 braca
1053 1139 1171 1188 tegit.

245 1205 288 1236 35
309 1197 505 1236 Exercent
536 1197 591 1236 illi
623 1198 751 1236 sociae
784 1198 1017 1235 commercia
1049 1195 1227 1246 linguae:

307 1256 383 1294 Per
415 1262 568 1307 gestum
601 1267 663 1294 res
697 1260 756 1293 est
788 1255 1039 1305 significanda
1069 1254 1189 1293 mihi.

307 1314 502 1352 Barbarus
533 1314 596 1352 hic
629 1325 699 1364 ego
732 1325 818 1351 sum
837 1344 847 1364 ,
881 1315 947 1363 qui
979 1325 1055 1351 non
1088 1312 1292 1364 intellegor
1325 1312 1414 1362 ulli,

308 1371 357 1411 Et
388 1372 518 1411 rident
550 1371 679 1410 stolidi
710 1371 826 1410 verba
856 1371 992 1410 Latina
1024 1371 1166 1424 Getae3

308 1430 447 1481 Meque
479 1429 603 1482 palam
635 1430 682 1468 de
714 1442 775 1468 me
808 1434 892 1468 tuto
924 1428 1023 1467 male
1055 1440 1170 1480 saepe
1201 1428 1418 1480 loquuntur

244 1498 288 1529 40
309 1489 487 1528 Forsitan
520 1488 695 1527 obiciunt
727 1487 963 1538 exiliumque
996 1487 1114 1534 mihi,

307 1547 334 1596 ’ξ’
360 1547 487 1598 thue
520 1548 591 1599 fit,
623 1549 663 1585 in
690 1559 750 1585 me
783 1545 925 1597 aliquid
945 1576 956 1597 ‚
988 1547 1021 1584 si
1053 1545 1146 1597 quid
1173 1545 1393 1586 dicentibus
1425 1547 1500 1586 illis

308 1606 522 1645 Abnuerim
556 1607 736 1656 quotiens
769 1604 1050 1654 adnuerimque
1069 1634 1080 1656 ‚
1112 1610 1273 1655 putant.

309 1664 416 1702 Adde
436 1695 446 1715 ,
479 1664 582 1714 quod
615 1665 803 1702 iniustum
837 1662 960 1713 rigido
992 1664 1054 1701 ius
1086 1662 1230 1701 dicitur
1261 1675 1378 1715 61136,

310 1722 460 1761 Dantur
492 1727 531 1761 et
561 1724 602 1760 in
634 1721 760 1760 medio
793 1721 952 1759 vulnera
985 1732 1099 1771 saepe
1133 1721 1237 1759 soro.

245 1789 290 1820 45
311 1780 342 1819 Ο
375 1780 512 1819 (11113111
544 1779 733 1818 Lachesin
753 1810 764 1830 ‚
797 1791 894 1829 quae
927 1785 1004 1817 tam
1036 1790 1150 1829 grave
1184 1778 1291 1818 sidus
1323 1778 1481 1819 habenti

310 1838 391 1877 Fila
423 1838 529 1877 dedit
560 1840 659 1876 vitae
692 1849 769 1876 11011
802 1837 980 1876 breviora
1012 1836 1142 1876 meae!

311 1897 422 1942 Quod
454 1898 601 1947 patriae
634 1896 742 1934 vultu
774 1901 982 1946 vestroque
1014 1907 1222 1948 caremus,
1254 1897 1390 1948 amici,

309 1956 435 2006 Atque
468 1955 531 1994 bic
563 1956 602 1994 in
636 1953 828 2005 Scythicis
859 1953 1042 2006 gentibus
1075 1966 1161 1993 6336
1193 1965 1361 2005 queror:

311 2013 482 2064 Utraque
514 2025 638 2065 poena
670 2013 825 2064 gravis.
876 2014 1002 2051 merui
1033 2018 1162 2051 tamen
1195 2012 1299 2051 Urbe
1329 2024 1488 2064 carere,

247 2080 290 2111 50
312 2071 397 2110 Non
429 2073 556 2111 merui
588 2070 652 2111 tali
685 2072 845 2110 forsitan
879 2082 964 2110 esse
997 2070 1105 2111 loco.

311 2129 413 2176 Quid
456 2129 596 2181 loquor
628 2128 670 2169 a!
721 2127 916 2168 demens?
965 2131 1088 2181 ipsam
1120 2140 1277 2180 quoque
1308 2129 1474 2180 perdere

1038 2189 1180 2239 vitam,

311 2245 485 2286 Caesaris
519 2247 667 2286 offenso
701 2248 890 2299 numine,
925 2246 1065 2297 dignus
1099 2258 1228 2285 eram.
