1570 2527
196 134 280 175 276
738 136 991 169 FASTORUM

373 244 496 294 Saepe
529 255 633 282 meas
665 243 751 282 illos
782 245 1024 295 increpuisse
1057 256 1208 284 moras.

313 302 392 340 Nec
424 303 538 340 timui
569 302 616 341 de
648 307 774 341 morte
807 307 964 343 tamen.
1021 308 1148 342 metus
1179 302 1275 341 afuit
1305 303 1404 342 iste.

372 360 419 398 Ei
451 359 574 399 mihi!
618 360 796 399 credibili
826 361 965 399 fortior
996 360 1059 399 illa
1090 362 1187 400 fuit.

314 417 369 456 Ne
401 418 506 457 refer
527 448 536 457 .
591 420 723 469 aspexi
754 431 832 457 non
863 419 928 457 illo
961 424 1118 470 pectore
1150 419 1265 469 digna

227 485 293 516 620
373 476 567 529 Volnera,
598 477 803 516 Tartareas
835 488 953 516 ausus
986 477 1091 515 adire
1124 477 1282 516 domos.

313 534 362 573 At
393 543 465 586 tu,
499 547 568 574 seu
600 536 698 574 ratio
730 541 768 574 te
800 536 945 574 nostris
977 534 1126 586 appulit
1156 536 1259 586 oris,

374 592 460 631 Sive
493 592 589 632 deus
608 625 619 646 ,
650 595 761 644 regni
793 593 991 632 commoda
1024 605 1140 644 carpe
1171 594 1270 631 mei.

314 651 432 690 Multa
463 651 534 690 tibi
566 663 787 703 memores,
818 651 874 690 nil
905 664 983 690 non
1015 650 1203 690 debemus
1234 649 1405 689 Elissae.

371 709 535 748 Nomine
567 715 676 761 grata
706 715 774 749 tuo
793 741 804 762 ‚
837 715 944 760 grata
976 711 1121 748 sororis
1139 740 1151 761 ,
1182 705 1306 747 eris.'

227 775 294 806 625
316 767 420 806 Talia
452 768 598 807 dicenti
628 790 675 796 -—-
705 780 832 819 neque
865 769 968 807 enim
1000 780 1090 819 spes
1121 767 1242 806 altera
1272 771 1395 806 restat
1424 788 1472 793 —

374 825 576 878 Credidit,
609 839 764 865 errores
796 828 1054 877 exposuitque
1086 838 1202 865 suos.

315 884 441 935 thue
473 884 631 923 domum
662 886 821 923 intravit
852 885 988 936 Tyrios
1019 884 1155 923 induta
1182 888 1368 935 paratus,

372 942 514 994 Incipit
545 943 722 982 Aeneas:
755 965 798 970 —-
831 948 962 982 cetera
994 942 1106 981 turba
1138 942 1226 981 silet
1257 963 1301 968 —

315 997 446 1039 ‘Hanc
477 1001 548 1039 tibi
580 1013 651 1040 cur
681 1001 831 1040 tradam
849 1033 860 1053 ‚
892 1002 955 1052 pia
981 1013 1096 1039 causa
1115 1032 1126 1052 ‚
1157 999 1313 1039 Lavinia
1339 1000 1506 1038 coniunx
1517 1030 1528 1052 ‚
1561 1035 1563 1038 ,

228 1067 295 1099 630
373 1058 444 1098 Est
475 1059 570 1098 mihi
590 1089 598 1097 .
654 1061 879 1110 consumpsi
910 1059 1120 1109 naufragus
1151 1058 1268 1096 huius
1300 1070 1416 1109 opes.

316 1117 409 1156 Orta
441 1117 543 1168 Tyro
577 1123 664 1169 est,
696 1129 861 1168 regnum
892 1116 1034 1168 Libyca
1064 1116 1239 1168 possedit
1269 1117 1311 1154 in
1342 1128 1432 1155 ora:

374 1176 497 1221 Quam
529 1187 669 1226 precor
700 1182 745 1214 ut
775 1187 886 1214 carae
918 1187 1026 1213 more
1058 1176 1206 1213 sororis
1237 1171 1388 1213 ameS.'

316 1234 453 1272 Omnia
484 1235 706 1285 promittit,
746 1233 962 1284 falsumque
995 1232 1151 1272 Lavinia
1182 1232 1320 1272 volnus

373 1292 501 1330 Mente
533 1294 676 1343 premit
707 1294 823 1330 tacita
842 1323 852 1343 ‚
884 1290 1178 1342 dissimulatque
1211 1291 1405 1330 fremens.

230 1358 296 1389 635
318 1350 502 1400 Donaque
535 1362 623 1389 cum
657 1350 783 1389 videat
814 1355 969 1401 praeter
1001 1361 1069 1389 sua
1101 1349 1247 1388 lumina
1277 1349 1372 1387 ferri

374 1409 493 1447 Multa
523 1408 648 1459 palam
668 1440 679 1460 ,
711 1410 813 1447 mitti
845 1408 942 1446 clam
974 1420 1129 1459 quoque
1162 1406 1283 1446 multa
1313 1411 1447 1458 putat.

314 1467 399 1505 Non
431 1465 548 1505 habet
579 1473 755 1505 exactum
774 1499 785 1519 ‚
818 1466 909 1517 quid
942 1472 1056 1516 agat.
1112 1465 1304 1505 furialiter
1335 1464 1440 1517 odit,

377 1525 427 1563 Et
456 1531 567 1576 parat
597 1524 758 1563 insidias
777 1556 789 1577 ‚
819 1530 859 1563 et
890 1526 998 1575 cupit
1029 1523 1108 1563 ulta
1140 1525 1260 1562 mori.

315 1583 399 1622 Nox
431 1589 542 1623 erat.
598 1589 686 1622 ante
717 1588 848 1622 torum
879 1583 959 1621 visa
992 1588 1052 1621 est
1082 1582 1234 1621 adstare
1266 1583 1413 1621 sororis

231 1649 298 1681 640
379 1641 580 1692 Squalenti
611 1641 707 1680 Dido
741 1640 1040 1692 sanguinulenta
1072 1652 1182 1679 coma

316 1699 366 1738 Et
397 1696 508 1750 ‘fuge
526 1731 536 1751 ‚
569 1712 618 1739 ne
651 1699 784 1738 dubita
803 1731 814 1752 ‚
845 1705 1036 1738 maestum
1066 1695 1177 1749 fuge'
1210 1698 1342 1737 dicere

1043 1753 1254 1795 etectumi'

377 1814 456 1854 Sub
489 1815 652 1854 verbum
685 1814 868 1866 querulas
899 1814 1041 1865 inpulit
1072 1826 1164 1852 aura
1195 1814 1322 1852 fores.

318 1873 437 1912 Exilit
455 1905 465 1926 ,
498 1880 536 1913 et
566 1873 677 1912 velox
708 1873 845 1912 humili
877 1885 995 1923 super
1027 1884 1117 1911 arva
1151 1872 1321 1910 fenestra

378 1931 427 1970 Se
459 1933 577 1970 iacit.
633 1931 819 1970 audacem
849 1931 995 1969 fecerat
1025 1932 1109 1981 ipse
1140 1931 1279 1968 timor.

231 1998 297 2030 645
319 1989 481 2040 Quaque
513 1995 620 2029 metu
651 1991 831 2041 rapitur,
864 1990 995 2027 tunica
1025 1988 1148 2026 velata
1179 1989 1351 2026 recincta

377 2047 539 2100 Currit,
570 2053 614 2086 ut
645 2047 786 2086 auditis
818 2048 954 2086 territa
986 2046 1136 2086 damma
1167 2045 1292 2096 lupis.

321 2106 509 2156 Corniger
540 2106 638 2144 hanc
670 2105 829 2144 tumidis
861 2106 1036 2156 rapuisse
1068 2104 1271 2143 Numicius
1302 2102 1417 2142 undis

378 2164 588 2215 Creditur,
620 2169 659 2203 et
691 2165 837 2214 stagnis
868 2162 1087 2202 occuluisse
1119 2163 1225 2200 suiS.

322 2222 477 2261 Sidonis
509 2223 657 2261 interea
689 2233 827 2273 magno
860 2221 1027 2260 clamore
1058 2231 1129 2270 per
1160 2231 1273 2270 agros

233 2287 300 2319 650
380 2280 618 2325 Quaeritur:
663 2284 852 2332 apparent
883 2281 991 2330 signa
1021 2283 1213 2329 notaeque
1245 2277 1416 2328 pedum:

320 2336 486 2376 Ventum
518 2343 602 2377 erat
633 2337 678 2377 ad
711 2340 837 2389 ripas:
881 2339 1035 2376 inerant
1065 2337 1226 2387 vestigia
1257 2336 1376 2387 ripis.
