1570 2527
590 100 650 133 VI.
680 102 875 134 195—251.
1323 95 1408 137 339

181 208 290 248 Hanc
322 220 393 260 ego
426 220 515 247 cum
547 207 686 247 vellem
718 219 863 259 genero
896 207 989 246 dare
1008 239 1019 259 ‚
1050 213 1229 259 tempora
1259 205 1385 246 taedis

240 268 338 319 Apta
369 266 620 318 requirebam
639 299 650 319 ‚
683 279 862 318 quaeque
895 265 1065 305 cavenda
1097 266 1250 306 forent:

183 326 283 366 Tum
315 325 411 375 mihi
441 331 531 377 post
563 337 693 365 sacras
725 330 968 364 monstratur
1000 325 1135 364 Iunius
1168 324 1260 364 Idus

242 384 355 424 Utilis
388 390 427 423 et
459 386 621 437 nuptis,
654 383 762 423 utilis
795 396 881 423 esse
914 385 1033 436 viris;

96 452 163 484 225
184 444 393 495 Primaque
424 455 516 495 pars
547 443 666 483 huius
699 442 877 482 thalamis
910 442 1034 482 aliena
1067 447 1222 493 reperta
1255 448 1337 480 est.

243 502 341 541 Nam
372 502 467 541 mihi
500 504 555 541 sic
588 504 759 541 coniunx
791 507 925 541 sancta
956 501 1074 540 Dialis
1107 503 1183 540 ait:

186 557 339 600 ‘Donec
372 561 419 600 ab
452 561 566 600 Iliaca
597 560 774 612 placidus
805 562 1036 612 purgamina
1067 559 1181 598 Vesta

244 619 438 659 Detulerit
468 620 576 659 ssavis
608 622 647 658 in
679 631 786 658 mare
819 619 987 670 Thybris
1020 620 1153 670 aquis,

186 678 271 718 Non
303 678 399 717 mihi
431 678 594 718 detonso
627 680 757 717 crines
789 679 997 729 depectere
1031 677 1156 724 bum,
1359 697 1408 704 —

99 746 168 778 230
247 737 333 776 Non
367 749 519 788 ungues
551 738 657 776 ferro
691 737 941 776 subsecuisse
974 736 1085 788 licet3

186 795 273 834 Non
300 797 475 847 tetigisse
502 797 653 847 virum,
681 797 855 846 quamvis
882 795 982 834 Iovis
1008 795 1071 834 ille
1100 794 1306 845 sacerdos,
1338 803 1412 835 (201)

247 854 431 900 Quamvis
463 860 654 906 perpetua
687 856 738 893 sit
769 855 864 892 mihi
895 854 979 905 lege
1012 854 1150 892 datus.

187 913 247 952 Tu
280 925 437 964 quoque
469 925 518 951 ne
550 924 719 964 propera
739 943 747 951 .
804 911 944 951 melius
978 918 1043 951 tua
1075 912 1152 950 filia
1185 911 1333 964 nubet,

247 971 365 1023 Ignea
396 983 486 1011 cum
517 983 615 1023 pura
649 970 763 1010 Vesta
796 970 936 1010 nitebit
968 967 1135 1010 humo.'

670 1064 706 1104 7.
738 1062 820 1105 FN

102 1156 169 1189 235
191 1147 323 1187 Tertia
354 1153 444 1198 post
475 1146 606 1186 Nonas
637 1158 840 1186 removere
873 1146 1051 1198 Lycaona
1083 1145 1239 1185 Phoebe

250 1206 423 1258 Fertur,
455 1211 494 1244 et
526 1218 547 1244 a
578 1212 688 1257 tergo
721 1218 800 1245 non
832 1205 948 1244 habet
981 1205 1078 1244 Ursa
1111 1210 1282 1244 metum.

191 1265 303 1305 Tunc
334 1277 406 1316 ego
439 1277 500 1303 me
534 1266 693 1303 memini
725 1264 837 1303 ludos
870 1266 910 1303 in
942 1265 1117 1315 gramine
1149 1263 1283 1316 Campi

250 1325 437 1376 Aspicere
471 1330 510 1362 et
542 1323 618 1363 dici
637 1355 648 1376 ‚
680 1323 831 1363 lubrice
864 1323 1041 1375 Thybri,
1074 1328 1186 1361 tuos.

191 1383 305 1422 Festa
338 1383 422 1421 dies
454 1382 530 1421 illis
549 1413 560 1434 ‚
593 1384 661 1434 qui
692 1382 770 1421 lina
802 1381 999 1421 madentia
1030 1381 1204 1433 ducunt,

106 1450 173 1482 240
253 1441 408 1493 Quique
440 1446 580 1492 tegunt
611 1443 741 1493 parvis
775 1453 864 1480 aera
896 1452 1061 1480 recurva
1092 1439 1211 1480 cibis.

431 1533 468 1575 8.
501 1532 587 1574 GN
614 1543 1063 1574 MENTI-IN·CAP1T

192 1617 303 1657 Mens
336 1629 494 1669 quoque
519 1629 666 1657 numen
692 1617 832 1656 habet.
883 1616 1023 1656 Mentis
1051 1615 1214 1656 delubra
1242 1614 1421 1655 videmus

253 1676 348 1715 Vota
379 1682 488 1715 metu
520 1675 641 1729 belli,
671 1676 821 1728 perfide
853 1675 984 1715 Poene
1004 1707 1014 1727 ,
1047 1677 1127 1715 tui.

194 1734 325 1774 Poene
358 1735 569 1774 rebellaras
587 1766 598 1787 ,
631 1741 671 1774 et
701 1735 780 1775 leto
813 1734 985 1774 consulis
1018 1746 1155 1773 omnes

251 1794 418 1833 Attoniti
448 1793 603 1834 Mauras
635 1796 877 1845 pertimuere
909 1805 1072 1833 manus.

107 1861 173 1893 245
196 1852 315 1905 Spem
347 1858 476 1893 metus
509 1853 740 1905 expulerat:
784 1865 875 1892 cum
906 1852 1028 1892 Menti
1059 1858 1146 1891 vota
1179 1856 1339 1891 senatus

255 1911 456 1962 Suscipit.
502 1918 541 1951 et
572 1911 711 1951 melior
741 1913 924 1963 protinus
956 1911 1020 1949 illa
1052 1912 1179 1949 venit.

195 1970 346 2021 Aspicit
376 1972 569 2009 instantes
599 1970 740 2009 mediis
772 1982 840 2008 sex
871 1968 1026 2008 lucibus
1058 1968 1150 2008 Idus

255 2028 323 2067 Illa
355 2029 462 2081 dies,
495 2040 571 2081 qua
603 2034 696 2068 sunt
726 2035 814 2067 vota
847 2027 974 2067 soluta
1005 2027 1124 2067 deae.

415 2120 453 2162 9.
486 2119 529 2161 Η
555 2118 721 2161 VEST
748 2130 1090 2161 FER-VESTAE

196 2204 340 2258 Vesta,
373 2204 487 2244 save!
532 2204 605 2244 tibi
635 2216 741 2244 nunc
773 2209 932 2256 operata
962 2202 1197 2243 resolvimus
1228 2215 1319 2257 ora,

109 2271 176 2304 250
254 2265 312 2303 Ad
344 2269 411 2304 tua
444 2266 477 2303 si
509 2263 623 2303 nobis
654 2275 764 2303 sacra
795 2264 928 2302 venire
961 2262 1074 2303 licet.

196 2322 241 2362 ln
272 2335 390 2374 prece
423 2328 530 2363 totus
563 2334 695 2362 eram:
740 2321 922 2362 caelestia
947 2323 1109 2361 numina
1141 2323 1270 2374 sensi,

1141 2387 1214 2423 22*
