1570 2527
194 130 276 171 106
782 131 924 163 IBIDIS

309 238 420 278 Nulla
452 251 559 277 mora
592 244 651 277 est
682 240 721 278 in
755 251 844 278 me:
877 252 1057 290 peragam
1091 246 1172 279 rata
1198 244 1284 278 vota
1318 239 1522 278 sacerdos.

371 298 555 348 Quisquis
588 296 678 335 ades
711 299 831 337 sacris
851 330 861 349 ‚
894 310 961 336 ore
994 299 1148 350 favete,
1180 299 1300 350 meis;

311 355 495 406 Quisquis
528 355 619 393 ades
651 357 802 406 sacris,
836 356 1014 406 lugubria
1046 357 1162 395 dicite
1194 355 1334 408 verba,

224 422 289 453 100
369 413 418 451 Et
449 413 541 452 ssetu
574 413 737 452 madidis
770 414 853 452 Ibin
886 415 987 453 adite
1021 416 1153 465 genis:

311 471 594 522 Ominibusque
626 472 736 511 malis
767 472 1010 522 pedibusque
1043 474 1238 511 occurrite
1270 472 1410 524 laevis,

369 529 418 568 Et
450 532 582 580 nigrae
615 537 742 569 vestes
775 543 939 581 corpora
972 536 1098 569 vestra
1130 530 1283 581 tegant!

310 588 368 626 Tu
402 600 586 640 quoque,
621 588 713 639 quid
747 588 899 627 dubitas
933 589 1072 627 ferales
1105 601 1260 627 sumere
1291 586 1440 627 vittas?

367 646 445 684 Iam
479 652 581 697 stat,
615 653 658 685 ut
688 649 772 698 ipse
804 647 939 698 vides,
974 647 1121 686 funeris
1154 659 1218 685 ara
1250 648 1332 686 tui.

224 713 289 743 105
311 703 454 755 Pompa
487 710 618 755 parata
652 705 719 743 tibi
753 711 839 744 est.
892 707 990 744 votis
1023 717 1130 744 mora
1161 705 1340 744 tristibus
1373 704 1495 744 absit:

369 762 422 801 Da
454 763 629 813 iugulum
662 763 797 802 cultris
816 795 826 815 ‚
858 764 982 802 hostia
1016 763 1126 814 dira,
1159 765 1278 802 meis,

310 820 431 859 Terra
464 821 533 860 tibi
565 822 725 873 fruges,
759 824 881 860 amnis
914 822 985 861 tibi
1017 822 1182 873 deneget
1213 821 1359 860 undas.

369 879 541 930 Deneget
574 880 724 919 afflatus
756 886 895 919 ventus
928 886 966 918 et
999 892 1091 918 aura
1125 892 1242 918 suos.

309 936 388 976 Nec
420 937 490 976 tibi
523 937 579 976 sol
612 938 758 977 calidus
777 969 788 990 ‚
821 951 892 977 nec
925 940 975 977 sit
1006 938 1076 976 tibi
1107 937 1234 976 lucida
1265 937 1443 990 Phoebe,
1489 940 1525 973 (6)

224 1004 291 1034 110
370 996 595 1034 Destituant
627 997 760 1035 oculos
793 996 920 1035 sidera
952 996 1053 1035 clara
1085 1002 1195 1035 tuos.

310 1053 389 1092 Nec
423 1066 463 1092 se
497 1054 720 1106 Vulcanus,
754 1067 824 1093 nec
858 1067 899 1093 se
931 1054 1002 1093 tibi
1033 1054 1216 1106 praebeat
1247 1058 1337 1106 aer,

370 1112 449 1151 Nec
481 1112 552 1151 tibi
583 1112 649 1151 det
680 1113 795 1152 tellus
828 1125 900 1151 nec
933 1112 1002 1152 tibi
1034 1118 1178 1163 pontus
1209 1114 1307 1151 iter.

311 1170 439 1222 Exul,
471 1172 584 1222 inops
617 1183 754 1223 erres,
787 1172 988 1222 alienaque
1020 1171 1152 1209 limina
1183 1170 1351 1224 lustres,

369 1228 641 1280 Exiguumque
673 1235 782 1280 petas
815 1242 881 1268 ore
916 1235 1107 1268 tremente
1140 1229 1294 1268 cibum.

226 1296 290 1326 115
312 1286 391 1326 Nec
424 1299 566 1338 corpus
600 1287 793 1339 querum,
825 1300 897 1326 nec
936 1299 1045 1326 mens
1084 1293 1192 1326 vacet
1224 1299 1337 1339 aegra
1369 1287 1526 1339 dolore,

370 1344 530 1396 Noxque
564 1345 624 1384 die
657 1348 810 1396 gravior
842 1348 892 1384 sit
922 1346 993 1384 tibi
1011 1377 1021 1398 ‚
1054 1351 1167 1384 nocte
1200 1345 1305 1384 dies.

314 1403 453 1454 Sisque
486 1405 604 1442 miser
637 1416 790 1455 semper
809 1436 819 1455 ‚
851 1416 923 1442 nec
956 1405 1009 1442 sis
1041 1403 1274 1443 miserabilis
1304 1403 1396 1443 ulli:

372 1461 544 1501 Gaudeat
577 1462 747 1501 adversis
781 1463 921 1500 femina
954 1464 1089 1512 virque
1120 1463 1221 1501 tuis.

312 1520 480 1559 Accedat
511 1520 681 1559 lacrimis
714 1520 844 1559 odium
865 1552 875 1572 ‚
907 1521 1125 1571 dignusque
1157 1522 1332 1572 puteris,

225 1586 291 1617 120
372 1579 446 1624 Qui
479 1578 576 1617 mala
609 1591 697 1617 cum
729 1578 866 1618 tuleris
898 1579 1093 1630 plurima,
1124 1578 1236 1629 plura
1268 1579 1392 1617 feras.

314 1636 478 1688 Sitque,
512 1636 615 1687 quod
649 1644 708 1675 est
741 1649 902 1689 rarum,
935 1637 1046 1675 solito
1081 1637 1232 1676 defecta
1262 1637 1392 1675 favore

371 1694 565 1733 Fortunae
599 1696 716 1733 facies
748 1695 937 1733 invidiosa
968 1700 1080 1734 tuae.

313 1752 513 1803 Causaque
546 1765 624 1791 non
657 1753 786 1804 desit,
819 1753 919 1791 desit
951 1753 1021 1791 tibi
1053 1753 1356 1803 copia'mortis:

371 1810 550 1861 Optatam
582 1811 704 1861 fugiat
734 1812 811 1849 vita
843 1816 973 1849 coacta
1007 1823 1165 1850 necem:

227 1877 292 1908 125
313 1868 578 1919 Luctatusque
612 1869 677 1907 diu
711 1870 905 1907 cruciatos
938 1870 1098 1920 spiritus
1131 1874 1238 1908 artus

371 1927 560 1979 Deserat,
593 1932 631 1965 et
662 1927 774 1978 longa
806 1932 986 1977 torqueat
1017 1933 1105 1966 ante
1137 1939 1267 1966 mora.

312 1985 529 2024 Evenient.
582 1985 687 2024 dedit
717 1987 800 2036 ipse
830 1984 926 2037 mihi
959 1985 1072 2024 modo
1106 1987 1213 2036 signa
1245 1986 1368 2025 futuri

370 2043 582 2095 Phoebus,
616 2050 654 2083 et
685 2056 705 2082 a
736 2043 840 2082 laeva
872 2050 1016 2082 maesta
1049 2043 1189 2083 volavit
1220 2046 1321 2083 avis,

314 2101 427 2140 Certe
460 2114 560 2154 ego,
593 2114 690 2153 quae
723 2114 869 2154 voveo,
901 2114 1064 2153 superos
1098 2107 1251 2141 motura
1281 2101 1440 2154 putabo,

226 2167 292 2199 130
373 2159 548 2211 [Speque
580 2166 669 2199 tuae
702 2161 866 2212 mortis,
899 2159 1044 2211 perfide
1065 2192 1075 2212 ,
1102 2172 1256 2212 semper
1287 2160 1391 2199 alar.

314 2217 362 2257 Et
393 2219 502 2269 prius
535 2218 633 2257 hanc
667 2217 861 2270 animam,
894 2219 1055 2256 nimium
1093 2218 1164 2257 tibi
1197 2230 1310 2269 saepe
1341 2219 1525 2270 petitam,

372 2276 533 2314 Auferet
563 2276 627 2315 illa
659 2276 742 2315 dies
760 2308 771 2328 7
804 2289 900 2327 quae
934 2276 1028 2315 mihi
1060 2287 1145 2315 sera
1177 2278 1282 2315 venit
1294 2275 1322 2328 ‚]

314 2333 572 2379 Quamrdolor
604 2334 666 2373 hic
693 2347 878 2386 umquam
903 2335 1026 2386 spatio
1054 2346 1284 2373 evanescere
1311 2335 1456 2386 possit,
1487 2335 1524 2367 (⁷)
