1570 2527
586 120 647 154 1v.
675 127 771 154 V1111
791 121 965 154 49—121.
1362 118 1444 161 201

281 228 330 267 Et
360 233 492 268 teneat
523 226 666 279 glacies
698 229 834 278 iugera
866 227 988 267 multa
1020 229 1133 268 freti.

222 286 327 326 Haec
358 287 426 326 ubi
458 288 655 338 narrarit,
689 298 787 337 quae
821 288 871 326 sit
903 299 987 326 mea
1019 288 1147 340 fama,
1180 289 1365 341 require,

281 345 446 396 Quoque
478 345 592 385 modo
624 357 807 397 peragam
840 351 1016 397 tempora
1049 346 1175 399 dura,
1207 359 1326 398 roga.

221 403 307 444 Non
340 416 477 444 sumus
509 404 573 443 hic
605 403 723 455 odio,
757 416 830 442 nec
863 404 1014 444 scilicet
1045 417 1132 444 esse
1165 417 1388 457 meremur,

155 471 199 503 90
279 462 359 502 Nec
392 475 481 502 cum
514 463 671 502 fortuna
704 475 813 502 mens
847 475 1004 514 quoque
1036 476 1147 503 versa
1179 476 1265 503 mea
1298 470 1379 504 est.

220 521 286 561 Illa
319 523 431 573 quies
464 523 611 574 animi,
645 533 761 573 quam
793 527 836 561 tu
868 521 1026 561 laudare
1061 522 1234 575 solebas,

281 580 348 620 Ille
381 586 493 620 vetus
527 580 640 620 solito
673 586 823 631 perstat
854 582 894 620 in
927 593 994 620 ore
1027 581 1178 633 pudor.

224 638 306 689 [Sic
339 651 410 691 ego
443 651 530 678 sum
562 639 705 691 longe,
739 641 794 678 sic
827 639 919 691 hic,
952 639 1020 678 ubi
1052 640 1242 680 barbarus
1274 639 1423 692 hostis,

281 697 331 737 Ut
363 699 444 737 fera
476 698 564 750 plus
596 698 748 736 valeant
779 698 932 749 legibus
965 710 1069 737 arma
1089 731 1100 751 ‚
1133 700 1225 738 facit
1240 699 1269 751 ‚]

157 764 201 796 95
223 756 319 796 Rem
354 762 471 808 queat
502 763 546 796 ut
578 756 723 796 nullam
756 762 814 796 tot
846 759 921 796 iam
940 789 951 810 7
984 757 1203 810 Graecine,
1236 770 1307 809 per

952 828 1074 854 annos
1373 824 1445 858 (129)

282 874 443 913 Femina
476 873 523 912 de
556 872 670 912 nobis
703 875 807 912 virve
839 885 988 924 puerve
1021 876 1156 925 queri.

222 932 304 972 Hoc
338 933 457 985 facit,
491 938 535 971 ut
566 934 710 972 misero
744 933 898 971 faveant
930 932 1136 984 adsintque
1169 933 1368 974 Tomitae:

278 991 382 1030 Haec
416 992 599 1042 quoniam
632 991 748 1030 tellus
781 991 1026 1030 testificanda
1058 992 1153 1030 mihi
1186 999 1267 1031 est.

220 1050 278 1089 llli
311 1062 401 1102 me,
435 1051 525 1101 quia
557 1050 654 1089 velle
689 1050 848 1103 vident,
881 1050 1084 1089 discedere
1118 1051 1290 1104 malunt3

134 1117 200 1149 100
280 1108 476 1160 Respectu
510 1111 676 1160 cupiunt
707 1109 770 1148 hic
802 1115 933 1148 tamen
967 1121 1052 1148 esse
1087 1111 1173 1149 sui.

219 1167 299 1207 Nec
332 1167 427 1206 mihi
459 1167 699 1207 credideris:
745 1173 879 1207 extant
911 1168 1067 1207 decreta
1086 1200 1096 1220 ‚
1131 1168 1275 1220 quibus
1307 1180 1379 1208 nos

279 1226 428 1264 Laudat
461 1232 499 1265 et
530 1228 712 1265 inmunes
744 1226 901 1277 publica
934 1239 1023 1265 cera
1056 1227 1174 1266 facit.

221 1284 467 1324 Conveniens
499 1287 654 1324 miseris
688 1290 727 1323 et
760 1297 995 1336 quamquam
1028 1285 1149 1336 gloria
1181 1298 1259 1325 non
1293 1288 1366 1339 sit,

278 1342 459 1382 Proxima
492 1343 584 1382 dant
616 1343 729 1382 nobis
763 1343 904 1394 oppida
938 1356 1080 1383 munus
1113 1344 1238 1385 idem.

134 1411 200 1443 105
220 1402 301 1442 Nec
334 1404 459 1453 pietas
492 1404 623 1454 ignota
656 1414 742 1441 mea
775 1408 864 1442 est.
918 1402 1024 1441 videt
1055 1403 1209 1454 hospita
1241 1408 1346 1443 terra

280 1460 323 1500 In
356 1466 491 1500 nostra
524 1472 679 1500 sacrum
713 1461 890 1500 Caesaris
923 1473 1009 1500 esse
1043 1461 1180 1501 domo.

223 1519 336 1559 Stant
366 1521 514 1570 pariter
546 1525 740 1570 natusque
773 1521 862 1570 pius
895 1521 1146 1572 coniunxque
1179 1521 1386 1574 sacerdos,

279 1578 448 1617 Numina
479 1580 555 1617 iam
588 1579 689 1617 sacto
723 1590 801 1617 non
833 1578 978 1617 leviora
1010 1579 1106 1618 deo.

218 1637 303 1677 Neu
336 1637 437 1676 desit
468 1649 559 1688 pars
592 1636 668 1676 ulla
701 1637 866 1689 domus,
900 1644 976 1677 stat
1007 1644 1177 1689 uterque
1209 1644 1421 1692 nepotum,

134 1705 199 1736 110
279 1695 352 1735 Hic
385 1697 489 1734 aviae
522 1695 635 1735 lateri
667 1698 870 1747 proximus
890 1728 900 1748 ‚
933 1696 996 1735 ille
1027 1699 1173 1748 patris.

218 1755 289 1794 His
322 1766 392 1806 ego
425 1755 474 1794 do
507 1756 652 1794 totiens
685 1767 774 1793 cum
807 1760 895 1794 ture
928 1758 1129 1807 precantia
1163 1755 1302 1809 verba,

277 1813 359 1853 Eoo
392 1815 575 1865 quotiens
607 1815 733 1864 surgit
765 1813 812 1852 ab
846 1813 940 1852 orbe
974 1814 1080 1853 dies.

220 1873 318 1912 Tota
343 1894 390 1900 --
422 1872 514 1911 licet
546 1884 710 1924 quaeras
735 1894 781 1901 -
812 1872 887 1911 hoc
921 1884 982 1912 me
1015 1885 1093 1912 non
1125 1874 1273 1925 fingere
1307 1873 1410 1914 dicet

279 1931 407 1971 Officii
439 1933 552 1970 testis
584 1931 746 1970 Pontica
779 1937 886 1970 terra
918 1933 1018 1970 mei.

133 1998 198 2030 115
219 1990 381 2030 Pontica
412 2001 475 2028 me
508 1989 651 2042 tellus,
686 1992 841 2042 quantis
873 1990 947 2029 hac
979 2002 1190 2041 possumus
1222 2003 1313 2044 ora,

276 2048 451 2088 Natalem
482 2048 584 2087 ludis
617 2050 691 2088 scit
723 2048 923 2088 celebrare
957 2049 1042 2087 dei.

217 2107 298 2147 Nec
323 2109 453 2146 minus
485 2107 708 2159 hospitibus
739 2109 863 2159 pietas
896 2112 957 2146 est
989 2109 1143 2158 cognita
1175 2109 1286 2163 talis,
1367 2117 1443 2151 (130)

277 2166 383 2205 Misit
413 2167 453 2205 in
486 2165 556 2205 has
589 2167 722 2217 siquos
753 2166 868 2217 longa
899 2166 1110 2217 Propontis
1143 2179 1285 2218 aquas.

217 2225 254 2264 Is
287 2236 472 2278 quoque,
505 2237 582 2276 quo
614 2225 747 2264 laevus
780 2225 908 2264 fuerat
946 2225 1019 2264 sub
1057 2227 1236 2276 praeside
1267 2227 1442 2279 Pontus,

131 2291 197 2324 120
277 2284 457 2322 Audierit
487 2284 609 2323 frater
641 2285 805 2322 forsitan
836 2285 909 2322 ista
943 2290 1058 2323 tuus.

217 2343 390 2382 Fortuna
422 2347 481 2382 est
512 2344 638 2394 impar
671 2344 828 2395 animo,
861 2342 1007 2394 talique
1039 2342 1207 2384 libenter
