1570 2527
584 110 620 142 v.
649 111 845 143 305-378.
1301 107 1383 148 321

223 219 303 258 Nec
335 218 505 269 liquidae
536 219 675 257 vinctis
707 218 804 256 flore
835 217 1026 257 bibuntur
1057 229 1202 268 aquae.

166 278 296 317 Donec
329 289 415 316 eras
448 278 593 316 mixtus
625 276 742 315 nullis
761 308 771 328 ,
804 276 971 314 Acheloe
990 308 1001 328 ,
1033 277 1221 327 racemis,

224 336 355 374 Gratia
387 335 598 374 sumendae
631 347 709 373 non
743 341 827 373 erat
859 335 936 373 ulla
968 347 1102 373 rosae.

79 404 146 434 345
167 394 344 433 Bacchus
377 400 478 433 amat
510 395 656 432 fiores:
700 393 853 432 Baccho
886 393 1079 445 placuisse
1113 404 1296 432 coronam

225 453 280 492 Ex
314 453 507 492 Ariadneo
541 453 668 491 sidere
701 464 816 490 nosse
850 458 987 503 potes.

168 513 315 551 Scaena
335 512 429 550 levis
451 512 563 550 decet
581 511 705 550 hanc:
727 523 805 549 non
827 517 905 562 est,
928 510 1022 549 mihi
1043 510 1211 561 credite,
1233 522 1310 548 non
1331 515 1390 547 est

225 570 291 609 llla
324 577 548 609 coturnatas
579 571 683 608 inter
713 569 892 608 habenda
924 570 1037 608 deas.

168 629 299 668 Turba
332 630 490 680 quidem
523 641 594 667 cur
625 628 697 666 hos
730 628 903 666 celebret
934 629 1158 666 meretricia
1189 626 1325 678 ludos,

79 697 146 728 350
225 688 310 726 Non
344 700 390 726 ex
423 688 571 726 difficili
604 699 719 725 causa
752 689 873 737 petita
906 686 1063 725 subest.

167 747 251 785 Non
285 752 344 785 est
375 746 422 785 de
454 748 633 797 tetricis,
666 757 745 783 non
779 752 838 784 est
870 745 916 784 de
950 757 1087 796 magna
1118 745 1332 796 professis:

229 805 316 844 Volt
348 817 417 844 sua
449 805 602 856 plebeio
636 816 745 842 sacra
777 810 912 854 patere
946 803 1088 842 choro.

168 864 218 903 Et
249 870 382 902 monet
414 865 550 902 aetatis
583 864 713 913 specie
732 893 743 914 ,
775 861 867 900 dum
899 862 1065 913 floreat,
1099 863 1180 912 uti,

228 922 434 961 Contemni
465 923 616 972 spinam
635 952 645 972 ,
678 932 767 959 cum
801 920 979 958 cecidere
1011 932 1146 958 rosae.

81 990 147 1020 355
170 981 248 1020 Cur
280 988 439 1033 tamen,
472 986 515 1018 ut
547 979 689 1018 dantur
723 984 849 1017 vestes
882 978 1098 1017 Cerialibus
1131 978 1261 1029 albae,

229 1039 294 1078 Sic
326 1039 422 1077 haec
455 1045 514 1077 est
546 1038 653 1077 cultu
686 1037 922 1076 versicolore
956 1034 1134 1075 decens?

170 1099 227 1137 An
262 1099 350 1149 quia
382 1098 547 1136 maturis
578 1096 741 1134 albescit
773 1097 911 1134 messis
944 1097 1092 1146 aristiS,

229 1156 278 1195 Et
310 1156 416 1195 color
449 1161 488 1194 et
521 1156 672 1206 species
705 1154 868 1193 floribus
901 1155 1026 1193 omnis
1058 1151 1197 1192 inest?

172 1216 346 1267 Annuit,
380 1221 418 1253 et
450 1215 566 1252 motis
598 1214 716 1251 flores
749 1213 927 1251 cecidere
962 1212 1132 1263 capillis,

83 1283 150 1314 360
230 1273 417 1313 Accidere
450 1275 489 1311 in
523 1284 677 1311 mensas
710 1277 753 1310 ut
785 1283 874 1309 rosa
906 1273 1022 1309 missa
1055 1270 1180 1309 solet.

170 1333 334 1372 Lumina
365 1331 594 1383 restabant,
628 1342 794 1381 quorum
828 1342 889 1368 me
923 1341 1038 1368 causa
1070 1328 1236 1379 latebat;

230 1392 327 1430 Cum
361 1392 416 1429 sic
450 1402 606 1428 errores
639 1388 799 1427 abstulit
830 1388 892 1426 illa
925 1400 1056 1427 meos:

173 1447 264 1488 ‘vet
297 1451 386 1500 quia
419 1450 632 1500 purpureis
665 1447 861 1486 collucent
892 1446 1055 1485 floribus
1088 1447 1194 1497 agri,

231 1508 394 1547 Lumina
427 1514 519 1546 sunt
550 1513 707 1545 nostros
740 1508 818 1543 visa
851 1505 990 1544 decere
1024 1505 1129 1556 dies,

85 1577 151 1607 365
172 1567 239 1607 Vel
273 1569 362 1618 quia
395 1579 466 1604 nec
499 1566 570 1604 flos
603 1572 662 1604 est
693 1563 826 1602 hebeti
858 1576 929 1602 nec
961 1564 1114 1602 flamma
1146 1562 1301 1614 colore,

232 1628 358 1676 Atque
392 1625 527 1663 oculos
558 1626 598 1662 in
631 1635 672 1662 se
706 1623 890 1673 splendor
923 1628 1090 1673 uterque
1123 1621 1264 1672 trahit3

175 1685 241 1723 Vel
274 1686 363 1735 quia
395 1683 544 1722 deliciis
577 1688 770 1721 nocturna
801 1681 958 1719 licentia
990 1682 1135 1719 nostris

233 1743 450 1782 Convenit.
508 1754 528 1780 a
560 1753 652 1779 vero
684 1742 800 1779 tertia
833 1752 948 1778 causa
982 1736 1132 1777 venit.'

175 1799 265 1840 ‘Est
296 1801 413 1840 breve
446 1806 677 1852 praeterea,
711 1799 758 1837 de
792 1811 868 1850 quo
902 1798 996 1836 mihi
1029 1810 1219 1849 quaerere
1251 1803 1396 1848 restat,

87 1870 153 1900 370
235 1861 274 1899 Si
307 1857 442 1898 liceat'
476 1859 584 1898 dixi:
630 1858 726 1896 dixit
759 1863 798 1896 et
829 1857 893 1895 illa
926 1853 1082 1895 ‘licetl'

175 1916 276 1958 ‘Cur
309 1918 377 1957 tibi
411 1930 482 1969 pro
515 1917 670 1968 Libycis
704 1916 941 1955 clauduntur
973 1920 1057 1953 rete
1090 1915 1235 1953 leaenis
1323 1923 1396 1953 (174)

233 1976 413 2015 Imbelles
446 1988 609 2027 capreae
641 1974 910 2025 sollicitusque
946 1973 1057 2024 lepus
1071 1970 1112 2012 '?’

174 2036 260 2074 Non
293 2035 395 2087 sibi,
428 2034 659 2085 respoudit,
692 2032 806 2071 silvas
841 2034 1005 2070 cessisse
1025 2063 1036 2084 ,
1069 2032 1138 2071 sed
1170 2032 1329 2083 hortos,

234 2096 410 2145 Arvaque
438 2095 611 2144 pugnaci
643 2104 720 2130 non
753 2091 930 2129 adeunda
961 2091 1089 2129 ferae.

89 2163 154 2193 375
176 2154 312 2193 Omnia
346 2154 527 2191 finierat:
572 2158 712 2190 tenues
745 2152 908 2189 secessit
939 2151 979 2187 in
1013 2162 1149 2202 auras,

235 2212 376 2250 Mansit
408 2211 532 2250 odor:
576 2222 712 2261 posses
745 2211 846 2247 scire
881 2210 1001 2247 fuisse
1035 2209 1168 2247 deam.

178 2271 331 2309 Floreat
362 2278 405 2309 ut
438 2277 518 2309 toto
552 2281 708 2308 carmen
741 2267 906 2306 Nasonis
938 2269 977 2306 in
1010 2279 1126 2318 aevo,

238 2329 413 2380 Sparge,
446 2341 587 2380 precor
606 2361 616 2379 ,
649 2328 760 2366 donis
794 2333 954 2377 pectora
986 2332 1118 2365 nostra
1151 2327 1249 2365 tuis.

131 2403 236 2429 ovm.
273 2403 330 2429 111.
1142 2395 1185 2426 21
