1570 2527
195 95 252 136 52
746 91 971 124 TRISTIUM

313 203 414 243 Dum
445 202 642 254 trepidant
673 201 822 252 Minyae
841 231 852 252 ‚
883 200 978 238 dum
1009 199 1173 238 solvitur
1205 210 1344 249 aggere
1376 197 1504 248 funis,

314 262 414 301 Dum
447 262 624 312 sequitur
658 259 809 311 celeres
839 270 981 297 ancora
1011 264 1136 297 tracta
1167 269 1329 307 manus,

252 329 293 360 15
315 320 479 359 Conscia
510 319 708 370 percussit
739 319 970 356 meritorum
1001 322 1161 368 pectora
1194 315 1348 354 Colchis

314 379 418 417 Ausa
450 383 565 428 atque
598 388 740 416 ausura
770 375 893 414 multa
924 375 1089 414 nefanda
1121 386 1265 425 manu3

315 437 393 487 Et,
426 447 661 487 quamquam
693 440 875 486 superest
905 436 1043 484 ingens
1075 433 1235 472 audacia
1266 431 1412 483 menti,

315 494 442 533 Pallor
473 496 513 533 in
545 495 730 532 attonitae
763 493 924 542 virginis
956 503 1024 530 ore
1056 492 1152 530 fuit.

315 553 418 604 Ergo
450 552 520 591 ubi
549 553 753 603 prospexit
783 551 978 588 venientia
1008 549 1115 601 vela,
1147 546 1384 600 tTenemur,

252 620 296 651 20
317 611 367 650 Et
397 616 509 663 pater
541 616 601 649 est
632 609 760 661 aliqua
791 608 928 647 fraude
960 604 1187 646 morandus'
1220 608 1297 647 ait.

316 670 416 708 Dum
449 669 541 720 quid
563 674 670 719 agat,
699 668 875 719 quaerit,
902 667 995 705 dum
1014 671 1145 704 versat
1168 666 1210 704 in
1236 666 1365 703 omnia
1384 663 1538 715 vultus,

316 728 375 767 Ad
407 729 568 766 fratrem
600 739 693 765 casu
724 726 870 764 lumina
901 725 999 763 flexa
1030 724 1143 763 tulit.

318 786 439 825 Cuius
471 792 515 824 ut
547 785 673 824 oblata
706 791 765 823 est
795 784 1044 835 praesentia,
1078 778 1280 822 ‘Vicimus’
1312 781 1464 832 inquit:

318 842 405 883 ‘Hic
437 844 532 883 mihi
563 849 689 882 morte
721 854 791 881 sua
823 854 938 880 causa
970 841 1106 880 salutis
1139 837 1241 879 erit.'

254 911 297 942 25
318 903 501 941 Protinus
534 903 659 952 ignari
690 912 762 939 nec
795 901 1005 951 quicquam
1035 899 1110 938 tale
1142 899 1316 937 timentis

319 961 535 1000 innocuum
568 960 691 1010 rigido
725 960 900 1010 perforat
931 970 1024 997 ense
1056 957 1181 1009 latus,

319 1020 445 1070 Atque
477 1021 530 1058 ita
562 1018 736 1070 divellit,
769 1017 995 1067 divulsaque
1027 1015 1202 1054 membra
1232 1027 1304 1067 per
1335 1026 1448 1065 agros

320 1078 490 1128 Dissipat
520 1078 560 1116 in
593 1076 725 1115 multis
758 1075 989 1114 invenienda
1020 1074 1139 1113 locis.

319 1136 403 1175 Neu
435 1141 546 1186 pater
578 1137 761 1186 ignoret,
794 1133 954 1185 scopulo
985 1134 1170 1184 proponit
1199 1133 1240 1171 in
1272 1131 1347 1171 alto

255 1203 299 1234 30
320 1194 592 1244 Pallentesque
624 1205 760 1232 manus
794 1193 1129 1243 sanguineumque
1162 1196 1300 1242 caput,

320 1253 370 1291 Ut
401 1254 555 1303 genitor
587 1252 774 1302 luctuque
807 1263 906 1289 novo
939 1250 1117 1288 tardetur
1149 1255 1217 1301 et,
1249 1254 1357 1288 artus

320 1311 420 1349 Dum
450 1310 544 1361 legit
575 1312 767 1349 extinctos
786 1340 797 1361 ‚
828 1310 941 1347 triste
973 1308 1147 1347 retardet
1177 1309 1275 1346 iter.

320 1369 414 1407 Inde
446 1368 579 1406 Tomis
611 1368 740 1406 dictus
771 1367 880 1406 locus
911 1367 975 1405 hic
993 1398 1004 1418 ‚
1036 1367 1126 1417 quia
1158 1366 1284 1404 fertur
1315 1365 1356 1404 in
1386 1363 1452 1404 illo

321 1426 494 1467 Membra
526 1438 638 1465 soror
669 1427 803 1465 fratris
835 1426 1085 1464 consecuisse
1118 1425 1201 1463 sui.

846 1554 901 1601 X.

323 1661 455 1712 Siquis
487 1660 613 1699 adhuc
644 1661 733 1699 istic
764 1660 942 1698 meminit
972 1658 1137 1697 Nasonis
1169 1656 1366 1708 adempti,

322 1719 372 1758 Et
403 1724 585 1770 superest
617 1719 700 1756 sine
732 1729 793 1756 me
826 1729 969 1756 nomen
1000 1718 1041 1755 in
1073 1714 1176 1754 Urbe
1207 1727 1365 1766 meum,

324 1777 579 1829 Suppositum
612 1776 734 1815 stellis
767 1787 979 1826 numquam
1011 1772 1262 1825 tangentibus
1295 1783 1442 1824 aequor

324 1836 383 1875 Me
417 1838 514 1875 sciat
544 1837 583 1873 in
616 1835 742 1873 media
775 1835 903 1872 vivere
935 1832 1136 1872 barbaria.

283 1904 302 1934 5
325 1895 575 1934 Sauromatae
608 1894 798 1944 cingunt,
836 1893 918 1931 fera
950 1903 1069 1943 gens,
1100 1891 1289 1942 Bessique
1321 1889 1542 1941 Getaeque,

324 1954 447 1999 Quam
479 1964 557 1991 non
588 1953 743 2003 ingenio
776 1953 932 1989 nomina
965 1950 1078 2001 digna
1111 1948 1220 1988 meo!

323 2012 423 2051 Dum
454 2017 585 2050 tamen
617 2022 711 2049 aura
742 2014 878 2061 tepet,
910 2009 1037 2047 medio
1071 2007 1317 2047 defendimur
1348 2005 1506 2045 Histro:

322 2070 390 2109 Ille
422 2071 504 2108 suis
535 2069 708 2120 liquidus
740 2067 839 2106 bella
871 2067 1026 2118 repellit
1057 2068 1191 2118 aquis.

323 2130 373 2167 At
404 2141 494 2167 cum
524 2129 649 2167 tristis
679 2127 805 2165 hiems
837 2126 1053 2177 squalentia
1083 2124 1248 2176 protulit
1277 2135 1368 2176 ora,

262 2195 303 2227 10
323 2187 524 2238 Terraque
556 2197 775 2225 marmoreo
808 2190 867 2223 est
898 2184 1059 2223 candida
1091 2183 1192 2222 facta
1223 2181 1338 2235 gelu,

323 2243 353 2295 †
386 2245 485 2284 Dum
517 2250 623 2296 patet
655 2251 694 2284 et
724 2244 863 2282 boreas
895 2248 934 2282 et
963 2244 1030 2281 nix
1061 2243 1203 2281 iniecta
1235 2240 1308 2279 sub
1340 2244 1448 2279 arcto

324 2303 425 2343 Tum
456 2309 591 2356 patet,
623 2303 692 2342 has
725 2308 862 2354 gentes
894 2313 962 2341 axe
995 2306 1187 2340 tremente
1219 2300 1367 2350 premi.
