1570 2527
501 132 646 164 muns
673 132 712 166 v,
742 134 863 165 1-—22.
1270 131 1354 173 103

562 771 812 825 IBIS.

133 938 304 991 Tempus
341 938 388 978 ad
427 938 528 992 hoc,
567 939 702 978 lustris
740 939 799 978 bis
839 940 914 978 iam
954 939 1048 979 mihi
1087 941 1260 992 quinque

255 999 449 1049 peractiS,

193 1056 318 1096 Omne
350 1057 424 1096 suit
454 1055 586 1096 Musae
621 1069 778 1096 carmen
810 1058 960 1096 inerme
994 1069 1126 1109 meae;

135 1114 355 1167 Nullaque,
388 1127 486 1166 quae
518 1117 672 1168 possit,
704 1117 863 1167 scriptis
895 1121 955 1155 tot
985 1116 1166 1169 milibus,
1200 1123 1304 1156 extat

192 1173 341 1213 Littera
373 1174 537 1213 Nasonis
570 1174 866 1225 sanguinolenta
898 1175 998 1225 legi:

93 1240 113 1271 5
134 1231 214 1271 Nec
247 1244 483 1284 quemquam
516 1235 642 1271 nostri
673 1234 749 1272 nisi
781 1245 842 1272 me
874 1232 1023 1272 laesere
1056 1233 1201 1286 libelli,

193 1291 363 1330 Artificis
395 1292 513 1342 periit
545 1303 635 1330 cum
667 1297 784 1342 caput
815 1292 907 1331 Arte
941 1304 1034 1331 sua.

134 1349 244 1389 Unus
271 1371 314 1376 ——-
341 1355 380 1389 et
405 1349 479 1389 hoc
505 1351 634 1401 ipsum
661 1355 721 1389 est
746 1351 888 1389 iniuria
914 1362 1051 1402 magna
1078 1373 1120 1378 —-
1141 1363 1356 1402 perennem

194 1408 383 1447 Candoris
416 1408 574 1447 titulum
606 1421 685 1447 non
717 1410 811 1448 sinit
842 1421 928 1447 esse
961 1411 1063 1448 mei.

135 1465 322 1518 Quisquis
359 1467 393 1505 is
432 1472 520 1519 est,
559 1488 601 1493 ——
640 1479 728 1506 nam
766 1479 908 1506 nomen
947 1467 1074 1507 adhuc
1112 1473 1327 1520 utcumque

864 1525 1000 1565 tacebo
1031 1548 1085 1554 -

73 1592 115 1623 10
195 1583 308 1634 Cogit
338 1584 558 1623 inassuetas
590 1596 747 1623 sumere
778 1584 855 1623 tela
886 1596 1047 1624 manus.

136 1641 202 1681 Ille
236 1642 451 1693 relegatum
483 1642 632 1693 gelidos
665 1642 856 1694 aquilonis
890 1643 937 1682 ad
969 1648 1079 1683 ortus

194 1699 279 1739 Non
312 1702 405 1740 sinit
437 1700 552 1740 exilio
584 1701 785 1740 delituisse
818 1713 934 1753 meo3

135 1758 384 1810 Vulneraque
416 1760 564 1798 inmitis
597 1761 774 1811 requiem
808 1762 1036 1811 quaerentia
1069 1766 1203 1813 vexat,

194 1817 314 1857 lactat
345 1823 385 1856 et
415 1819 456 1857 in
487 1824 569 1857 toto
603 1820 759 1857 nomina
791 1825 925 1858 nostra
957 1820 1066 1871 soro;

72 1884 115 1915 15
137 1875 411 1928 Perpetuoque
444 1876 539 1916 mihi
571 1879 755 1916 sociatam
788 1878 946 1916 foedere
979 1877 1071 1917 lecti

195 1935 281 1974 Non
311 1936 461 1986 patitur
493 1937 566 1975 vivi
598 1936 736 1975 funera
768 1935 863 1975 flere
895 1937 993 1975 viri.

137 1993 314 2044 Cumque
360 2005 430 2044 ego
475 2005 616 2045 quassa
660 2006 768 2033 meae
814 1994 1052 2045 complectar
1095 1993 1268 2033 membra

865 2054 1043 2104 carinae,

194 2110 396 2161 Naufragii
429 2109 581 2150 tabulas
612 2117 761 2163 pugnat
792 2110 937 2150 habere
969 2112 1070 2151 mei:

137 2168 185 2208 Et
216 2170 285 2220 qui
316 2169 507 2209 debuerat
539 2169 688 2209 subitas
721 2171 950 2220 extinguere
983 2170 1181 2222 flammas,

75 2234 118 2266 20
198 2226 269 2266 Hic
302 2228 486 2280 praedam
518 2228 647 2268 medio
680 2234 815 2280 raptor
847 2228 893 2267 ab
926 2229 1015 2279 igne
1047 2230 1168 2280 petit.

137 2285 312 2337 Nititur,
346 2292 391 2326 ut
421 2287 609 2338 profugae
642 2287 771 2326 desint
803 2286 985 2326 alimenta
1017 2292 1222 2326 senectae.
1304 2288 1340 2321 (2)

195 2343 311 2383 Heu!
356 2351 500 2396 quanto
534 2351 594 2385 est
626 2347 771 2385 nostris
804 2345 958 2397 dignior
989 2347 1072 2398 ipse
1106 2344 1239 2385 malis!
