1570 2527
582 97 628 130 ΙΙ.
656 98 853 129 432-504.

1336 97 1361 138 <23

1367 97 1394 137 0¹

162 204 248 243 Non
282 205 424 256 timui,
457 204 610 255 fateor,
642 216 692 242 ne
712 235 723 255 ,
755 216 830 255 qua
863 210 920 243 tot
951 206 1032 243 iere
1065 206 1244 257 carinae,

74 271 143 303 470
163 262 359 313 Naufraga
391 263 555 301 servatis
587 262 770 301 omnibus
802 275 879 301 una
912 263 1036 302 foret.

165 321 265 360 Sunt
296 321 381 360 aliis
415 322 583 371 scriptae
605 352 616 373 ,
648 321 792 371 quibus
825 321 906 360 alea
937 321 1086 361 luditur
1107 353 1118 374 ,
1150 327 1278 363 artes:
1305 346 1362 350 —

163 379 246 418 Hoc
279 385 339 419 est
370 379 417 418 ad
449 385 608 418 nostros
641 391 718 418 non
751 379 834 419 leve
868 382 1019 419 crimen
1051 393 1142 420 avos
1172 403 1222 409 —

164 438 265 484 Quid
298 437 450 477 valeant
482 438 577 491 tali,
610 450 687 489 quo
720 440 849 489 possis
880 439 1049 490 plurima
1080 441 1184 479 iactu

162 497 330 548 Figere,
363 497 572 535 damnosos
605 498 846 548 effugiasque
881 510 1020 545 canes,

75 564 143 596 475
163 556 330 594 Tessera
362 568 461 607 quos
493 555 633 595 habeat
665 568 881 609 numeros,
913 557 1082 596 distante
1117 563 1250 596 vocato

162 614 319 653 Mittere
353 626 430 665 quo
464 615 630 666 deceat,
664 626 740 665 quo
774 615 866 654 dare
900 617 1017 654 missa
1050 616 1190 668 modo,

164 672 342 712 Discolor
375 678 418 711 ut
449 679 558 712 recto
591 679 794 724 grassetur
826 674 946 713 limite
981 674 1120 727 miles,

163 731 260 770 Cum
293 731 445 769 medius
478 733 633 782 gemino
667 731 841 770 calculus
873 732 986 771 hoste
1018 735 1148 785 perit,

161 787 191 840 †
223 789 273 829 Ut
305 801 411 828 mare
444 789 540 828 velle
574 802 744 841 sequens
779 791 876 829 sciat
913 796 952 829 et
990 803 1175 830 revocare
1218 793 1392 842 priorem

74 857 142 889 480
162 848 243 887 Nec
276 854 360 887 tuto
394 849 548 899 fugiens
580 850 832 888 incomitatus
866 855 950 901 eat,

161 907 283 946 Parva
315 908 367 946 sit
397 913 442 946 ut
473 908 597 946 ternis
628 909 821 946 instructa
853 907 994 946 tabella
1026 908 1197 961 lapillis,

161 966 206 1005 In
239 978 316 1017 qua
346 967 487 1005 vicisse
521 972 580 1005 est
612 968 861 1005 continuasse
896 979 1011 1019 suos,

163 1025 317 1076 Quique
360 1025 424 1064 alii
462 1025 572 1064 lusus
615 1046 663 1052 —
706 1037 835 1076 neque
882 1027 985 1064 enim
1029 1038 1135 1065 nunc
1175 1038 1391 1078 persequar

729 1096 866 1123 omnes
896 1107 944 1111 —

162 1141 333 1181 Perdere
365 1155 450 1182 rem
483 1154 641 1195 caram,
673 1148 850 1194 tempora
882 1149 1016 1182 nostra
1035 1174 1046 1195 ,
1079 1143 1229 1183 solent.

77 1209 145 1241 485
166 1201 269 1240 Ecce
303 1203 406 1240 canit
439 1202 584 1240 formas
616 1201 714 1240 alius
746 1203 950 1253 iactusque
982 1202 1178 1254 pilarum,

161 1259 234 1298 Hic
266 1265 390 1299 artem
423 1261 541 1299 nandi
572 1262 793 1312 praecipit,
825 1261 889 1299 ille
923 1261 1073 1300 trochi.

163 1318 385 1370 Composita
418 1326 478 1358 est
509 1319 593 1358 aliis
626 1319 783 1358 fucandi
816 1332 910 1358 cura
944 1319 1111 1372 coloris,

160 1376 232 1416 Hic
265 1377 391 1429 epulis
423 1378 528 1429 leges
560 1377 809 1429 hospitioque
843 1378 974 1429 dedit3

161 1435 270 1474 Alter
301 1436 465 1475 humum
485 1468 495 1488 ‚
528 1436 574 1474 de
609 1448 684 1487 qua
716 1437 913 1486 fingantur
945 1437 1085 1487 pocula
1104 1468 1115 1489 ,
1148 1442 1363 1490 monstrat,

73 1502 141 1534 490
163 1494 380 1545 Quaeque,
413 1495 557 1546 docet,
590 1494 738 1545 liquido
772 1501 871 1534 testa
905 1496 954 1534 sit
987 1501 1074 1546 apta
1108 1508 1240 1535 mer0.

163 1552 269 1591 Talia
301 1552 492 1593 luduntur
525 1554 678 1592 fumoso
710 1565 844 1592 mense
878 1553 1109 1606 Decembri,

163 1611 270 1657 Quae
304 1612 444 1650 damno
477 1611 574 1650 nulli
606 1614 874 1663 composuisse
907 1613 1003 1651 fuit.

161 1670 231 1709 His
264 1682 334 1721 ego
368 1670 557 1721 deceptus
589 1682 668 1709 non
700 1672 827 1710 tristia
860 1673 1032 1710 carmina
1064 1672 1165 1724 feci,

162 1728 238 1768 Sed
272 1730 397 1768 tristis
429 1734 587 1768 nostros
618 1741 745 1781 poena
778 1736 911 1769 secuta
942 1732 1073 1769 iocos.

71 1796 139 1828 495
159 1787 335 1839 Denique
369 1800 442 1827 nec
474 1788 586 1827 video
619 1788 666 1827 de
699 1794 757 1827 tot
789 1788 1055 1828 scribentibus
1087 1801 1233 1842 unum,

161 1847 285 1893 Quem
319 1859 389 1886 sua
420 1847 637 1898 perdiderit
667 1846 808 1900 Musa3
840 1854 1023 1899 repertus
1056 1860 1152 1899 eg0.

161 1905 263 1952 Quid
282 1936 293 1958 ,
326 1907 360 1944 si
392 1907 640 1957 scripsissem
672 1908 812 1945 mimos
845 1906 1015 1946 obscena
1047 1909 1245 1960 iocantes,

161 1964 237 2010 Qui
269 1976 424 2015 semper
457 1966 566 2004 vetiti
598 1966 748 2004 crimen
781 1967 925 2004 amoris
958 1963 1138 2004 habent?

159 2022 203 2062 In
236 2022 380 2074 quibus
413 2023 568 2063 assidue
601 2024 730 2063 cultus
761 2024 942 2076 procedit
974 2024 1150 2076 adulter,

72 2090 139 2122 500
160 2081 366 2133 Verbaque
400 2082 464 2121 dat
496 2082 616 2122 stulto
650 2083 786 2122 callida
819 2089 940 2134 nupta
972 2084 1078 2121 viro.

160 2141 312 2180 Nubilis
344 2140 416 2180 hos
448 2143 557 2193 virgo
590 2147 845 2193 matronaque
879 2143 1016 2192 virque
1049 2153 1228 2193 puerque

161 2200 349 2252 Spectat,
381 2206 421 2239 et
453 2212 499 2239 ex
532 2213 670 2252 magna
701 2207 811 2252 parte
846 2205 1005 2239 senatus
1039 2200 1174 2240 adest.

159 2258 239 2298 Nec
272 2260 365 2298 satis
396 2261 560 2299 incestis
593 2261 777 2298 temerari
811 2259 971 2298 vocibus
1001 2272 1143 2318 [aures3

161 2317 410 2358 Adsuescunt
441 2318 543 2358 oculi
577 2318 705 2358 multa,
729 2318 910 2370 pudenda
942 2320 1048 2369 pati:

1125 2387 1173 2418 323
