1570 2527
105 138 191 180 354
642 140 895 172 FASTORL‘M

223 248 402 286 Gramina
434 249 619 286 continuo
651 247 787 285 loculis
820 247 1014 298 depromit
1045 247 1226 287 eburnis:

135 315 200 345 750
279 306 512 344 Profuerant
544 305 677 344 Glauci
710 305 888 344 manibus
919 305 981 344 illa
1012 307 1144 356 prius.

223 364 378 415 [Tunc‚
411 375 499 402 cum
532 363 754 402 observatas
781 365 916 414 anguis
943 363 1144 402 descendit
1175 364 1221 402 ad
1253 364 1430 418 umbras,

279 422 380 460 Usus
413 428 451 460 et
482 422 622 460 auxilio
655 427 714 460 est
745 423 881 472 anguis
913 421 959 460 ab
992 434 1115 472 angue
1149 422 1236 461 dato
1252 422 1278 471 .]

219 481 382 518 Pectora
414 486 475 518 ter
505 481 660 532 tetigit,
692 485 753 518 ter
784 479 900 518 verba
933 479 1101 518 salubria
1133 480 1250 519 dixit:

278 538 505 588 Depositum
536 544 641 576 terra
674 538 831 576 sustulit
862 538 925 576 ille
958 544 1094 589 caput.

134 605 198 635 755
220 596 349 635 Lucus
382 608 471 635 eum
502 596 760 646 Nemorisque
791 597 878 647 tui,
911 596 1099 647 Dictynna
1118 628 1128 648 ,
1159 608 1340 635 recessus

281 654 415 693 Celat:
459 655 616 692 Aricino
649 654 803 692 Virbius
835 654 897 693 ille
930 654 1038 693 lacu.

216 713 265 751 At
297 712 504 763 Clymenus
537 712 751 763 Clothoque
783 712 937 752 dolent:
981 713 1076 751 haec
1095 744 1105 764 ‚
1138 712 1199 750 fila
1230 714 1384 765 reneri,

276 770 376 820 Hic,
408 771 494 809 fieri
526 772 636 821 regni
666 772 752 809 iura
783 772 932 809 minora
965 773 1048 809 sui.

217 829 391 880 Iuppiter
408 860 419 881 ,
453 829 672 879 exemplum
704 831 879 880 veritus,
912 829 1054 867 direxit
1084 830 1124 867 in
1155 830 1283 880 ipsum

134 896 200 927 760
279 887 456 926 Fulmina
475 919 486 939 ‚
517 889 584 937 qui
616 889 756 926 nimiae
790 893 963 926 moverat
993 889 1087 926 artis
1119 900 1254 938 opem.

216 945 371 984 Phoebe
390 977 401 997 ‚
433 945 690 996 querebaris:
735 945 831 983 deus
865 951 952 997 est,
983 945 1135 995 placare
1168 946 1340 995 parenti3

274 1003 442 1054 Propter
472 1009 540 1055 te,
571 1003 656 1041 fieri
688 1002 791 1053 quod
822 1008 955 1054 vetat,
987 1005 1069 1053 ipse
1102 1003 1218 1041 facit.

439 1077 506 1117 21.
538 1074 619 1117 DC
681 1076 748 1117 22.
779 1074 857 1117 EC
920 1076 987 1117 23.
1019 1075 1094 1117 FO

216 1149 302 1187 Non
334 1160 405 1199 ego
437 1154 475 1187 te
494 1178 505 1199 ‚
537 1148 711 1198 quamvis
743 1146 972 1198 properabis
1003 1148 1186 1198 vincere,
1219 1146 1381 1198 Caesar,

277 1206 317 1245 Si
347 1211 453 1245 vetet
483 1207 700 1256 auspicium
719 1236 730 1256 ‚
761 1206 869 1255 signa
900 1217 1057 1243 movere
1089 1205 1226 1244 velim.

131 1274 196 1304 765
220 1264 306 1303 Sint
336 1264 408 1303 tibi
439 1263 651 1302 Flaminius
682 1263 986 1314 Trasimenaque
1018 1262 1132 1301 litora
1162 1268 1306 1315 testes,

278 1323 353 1361 Per
384 1321 563 1361 volucres
595 1333 739 1372 aequos
771 1321 890 1359 multa
922 1333 1081 1359 monere
1114 1321 1229 1359 deos.

216 1381 407 1432 Tempora
440 1381 474 1419 si
505 1381 647 1418 veteris
680 1380 835 1430 quaeris
867 1380 1073 1418 temeraria
1104 1379 1255 1430 damni,

275 1439 446 1484 Quartus
479 1437 525 1476 ab
558 1444 731 1477 extremo
763 1449 896 1476 mense
929 1437 988 1475 bis
1020 1436 1083 1475 ille
1116 1437 1222 1476 dies.

216 1497 377 1536 Postera
402 1496 467 1535 lux
494 1496 654 1535 melior.
699 1500 858 1547 superat
877 1495 1079 1534 Masinissa
1100 1495 1333 1547 Syphacem,
1354 1503 1427 1536 (225)

130 1564 195 1595 770
275 1555 323 1593 Et
356 1555 496 1593 cecidit
526 1554 614 1593 telis
645 1553 863 1592 Hasdrubal
894 1555 978 1604 ipse
1010 1555 1113 1592 suis.

672 1628 739 1668 24.
773 1625 851 1668 GC

217 1700 409 1751 Tempora
438 1699 623 1738 labuntur
642 1730 653 1751 ,
685 1700 890 1749 tacitisque
924 1700 1164 1737 senescimus
1196 1700 1329 1749 annis,

277 1757 326 1796 Et
358 1759 513 1808 fugiunt
545 1758 654 1795 freno
687 1769 765 1795 non
797 1763 1016 1795 remorante
1049 1757 1155 1795 dies.

218 1816 342 1862 Quam
373 1817 450 1854 cito
482 1820 675 1853 venerunt
706 1814 901 1853 Fortunae
933 1813 1062 1852 Fortis
1093 1813 1285 1852 honores!

275 1874 368 1912 Post
399 1878 549 1924 septem
579 1873 687 1911 luces
719 1871 854 1910 Iunius
886 1877 997 1910 actus
1029 1872 1125 1910 erit.

132 1942 196 1973 775
217 1931 273 1971 lte
292 1963 303 1983 ‚
335 1932 446 1970 deam
478 1931 567 1969 laeti
598 1931 755 1969 Fortem
787 1929 979 1968 celebrate
999 1960 1009 1980 ,
1042 1927 1237 1974 Quirites!

276 1991 319 2028 In
351 1989 504 2028 Tiberis
536 1990 619 2040 ripa
650 2000 813 2027 munera
844 1989 947 2038 regis
978 1987 1117 2026 habet.

217 2049 312 2087 Pars
344 2048 441 2098 pede
461 2078 471 2098 ,
503 2059 593 2098 pars
625 2048 739 2085 etiam
773 2046 892 2084 celeri
923 2045 1120 2084 decurrite
1151 2044 1310 2096 cumba,

279 2106 358 2145 Nec
390 2105 534 2156 pudeat
565 2111 677 2156 potos
708 2105 797 2143 inde
830 2104 958 2143 redire
990 2103 1170 2142 domum.

219 2165 333 2203 Ferte
366 2169 572 2202 coronatae
604 2165 787 2202 iuvenum
819 2163 990 2201 convivia
1023 2161 1182 2212 lIntres‚

132 2231 198 2262 780
276 2222 474 2272 Multaque
506 2233 576 2273 per
608 2221 753 2259 medias
785 2223 871 2259 vina
902 2219 1085 2258 bibantur
1116 2230 1256 2269 aquas.

219 2280 333 2319 Plebs
366 2280 457 2318 colit
486 2279 615 2331 hanc,
648 2281 737 2330 quia
770 2281 836 2330 qui
867 2280 1026 2329 posuit,
1058 2277 1104 2316 de
1135 2275 1248 2328 plebe
1280 2275 1398 2314 fuisse

277 2337 419 2376 Fertur
439 2369 449 2389 ‚
482 2344 520 2376 et
551 2350 598 2376 ex
629 2337 766 2376 humili
797 2344 949 2387 sceptra
981 2336 1117 2374 tulisse
1148 2334 1256 2373 loco.
