<?xml version="1.0" encoding="UTF-8"?>
<!DOCTYPE html PUBLIC "-//W3C//DTD XHTML 1.0 Transitional//EN"
    "http://www.w3.org/TR/xhtml1/DTD/xhtml1-transitional.dtd">
<html xmlns="http://www.w3.org/1999/xhtml" xml:lang="en" lang="en">
 <head>
  <title>
</title>
<meta http-equiv="Content-Type" content="text/html;charset=utf-8" />
  <meta name='ocr-system' content='tesseract 3.04.00' />
  <meta name='ocr-capabilities' content='ocr_page ocr_carea ocr_par ocr_line ocrx_word'/>
</head>
<body>
  <div class='ocr_page' id='page_1' title='image "./ovidopera03oviduoft_0239.png"; bbox 0 0 1570 2527; ppageno 0'>
   <div class='ocr_carea' id='block_1_1' title="bbox 551 154 1399 195">
    <p class='ocr_par' dir='ltr' id='par_1_1' title="bbox 551 154 1399 195">
     <span class='ocr_line' id='line_1_1' title="bbox 551 154 1399 195; baseline 0.007 -6"><span class='ocrx_word' id='word_1_1' title='bbox 551 157 615 189; x_wconf 83' lang='lat' dir='ltr'>m.</span> <span class='ocrx_word' id='word_1_2' title='bbox 643 165 669 190; x_wconf 89' lang='lat' dir='ltr'>v</span> <span class='ocrx_word' id='word_1_3' title='bbox 689 159 828 190; x_wconf 85' lang='lat' dir='ltr'><strong>35—v1</strong></span> <span class='ocrx_word' id='word_1_4' title='bbox 847 158 902 190; x_wconf 84' lang='lat'>44.</span> <span class='ocrx_word' id='word_1_5' title='bbox 1318 154 1399 195; x_wconf 82' lang='grc'>181</span> 
     </span>
    </p>
   </div>
   <div class='ocr_carea' id='block_1_2' title="bbox 113 263 1404 2430">
    <p class='ocr_par' dir='ltr' id='par_1_2' title="bbox 113 263 1401 1020">
     <span class='ocr_line' id='line_1_2' title="bbox 234 263 1141 317; baseline 0.002 -14"><span class='ocrx_word' id='word_1_6' title='bbox 234 263 292 303; x_wconf 88' lang='lat' dir='ltr'>Ex</span> <span class='ocrx_word' id='word_1_7' title='bbox 324 276 385 303; x_wconf 90' lang='lat' dir='ltr'>me</span> <span class='ocrx_word' id='word_1_8' title='bbox 405 296 416 316; x_wconf 91' lang='lat'>‚</span> <span class='ocrx_word' id='word_1_9' title='bbox 450 266 481 303; x_wconf 93' lang='lat' dir='ltr'>si</span> <span class='ocrx_word' id='word_1_10' title='bbox 514 266 643 303; x_wconf 88' lang='lat' dir='ltr'>nescis</span> <span class='ocrx_word' id='word_1_11' title='bbox 663 295 674 316; x_wconf 88' lang='lat'><em>‚</em></span> <span class='ocrx_word' id='word_1_12' title='bbox 707 266 853 303; x_wconf 82' lang='lat' dir='ltr'>certior</span> <span class='ocrx_word' id='word_1_13' title='bbox 886 276 972 303; x_wconf 90' lang='lat' dir='ltr'>esse</span> <span class='ocrx_word' id='word_1_14' title='bbox 1004 269 1141 317; x_wconf 90' lang='lat' dir='ltr'>potes.</span> 
     </span>
     <span class='ocr_line' id='line_1_3' title="bbox 175 323 1401 376; baseline 0 -14"><span class='ocrx_word' id='word_1_15' title='bbox 175 323 276 362; x_wconf 89' lang='lat' dir='ltr'>Huic</span> <span class='ocrx_word' id='word_1_16' title='bbox 309 335 404 374; x_wconf 82' lang='lat' dir='ltr'>ego,</span> <span class='ocrx_word' id='word_1_17' title='bbox 437 335 553 374; x_wconf 86' lang='lat' dir='ltr'>quam</span> <span class='ocrx_word' id='word_1_18' title='bbox 584 324 738 375; x_wconf 85' lang='lat' dir='ltr'>patior,</span> <span class='ocrx_word' id='word_1_19' title='bbox 771 323 826 362; x_wconf 93' lang='lat' dir='ltr'>nil</span> <span class='ocrx_word' id='word_1_20' title='bbox 857 336 1015 375; x_wconf 84' lang='lat' dir='ltr'>possem</span> <span class='ocrx_word' id='word_1_21' title='bbox 1042 324 1199 363; x_wconf 88' lang='lat' dir='ltr'>demere</span> <span class='ocrx_word' id='word_1_22' title='bbox 1231 335 1401 376; x_wconf 85' lang='lat' dir='ltr'>poenae,</span> 
     </span>
     <span class='ocr_line' id='line_1_4' title="bbox 115 381 1040 432; baseline 0 -11"><span class='ocrx_word' id='word_1_23' title='bbox 115 391 156 421; x_wconf 91' lang='lat'>10</span> <span class='ocrx_word' id='word_1_24' title='bbox 238 381 280 420; x_wconf 89' lang='lat' dir='ltr'>Si</span> <span class='ocrx_word' id='word_1_25' title='bbox 310 381 428 420; x_wconf 85' lang='lat' dir='ltr'>iudex</span> <span class='ocrx_word' id='word_1_26' title='bbox 460 383 592 420; x_wconf 86' lang='lat' dir='ltr'>meriti</span> <span class='ocrx_word' id='word_1_27' title='bbox 624 393 788 432; x_wconf 84' lang='lat' dir='ltr'>cogerer</span> <span class='ocrx_word' id='word_1_28' title='bbox 821 394 907 421; x_wconf 89' lang='lat' dir='ltr'>esse</span> <span class='ocrx_word' id='word_1_29' title='bbox 941 384 1040 421; x_wconf 86' lang='lat' dir='ltr'>mei.</span> 
     </span>
     <span class='ocr_line' id='line_1_5' title="bbox 175 440 1301 493; baseline 0.002 -15"><span class='ocrx_word' id='word_1_30' title='bbox 175 440 260 478; x_wconf 77' lang='lat' dir='ltr'>Nou</span> <span class='ocrx_word' id='word_1_31' title='bbox 293 445 398 479; x_wconf 86' lang='lat' dir='ltr'>vetat</span> <span class='ocrx_word' id='word_1_32' title='bbox 428 440 493 478; x_wconf 93' lang='lat' dir='ltr'>ille</span> <span class='ocrx_word' id='word_1_33' title='bbox 527 442 588 480; x_wconf 90' lang='lat' dir='ltr'>sui</span> <span class='ocrx_word' id='word_1_34' title='bbox 621 452 857 491; x_wconf 86' lang='lat' dir='ltr'>quemquam</span> <span class='ocrx_word' id='word_1_35' title='bbox 888 442 1114 480; x_wconf 83' lang='lat' dir='ltr'>meminisse</span> <span class='ocrx_word' id='word_1_36' title='bbox 1146 440 1301 493; x_wconf 82' lang='lat' dir='ltr'>sodalis,</span> 
     </span>
     <span class='ocr_line' id='line_1_6' title="bbox 234 498 1264 551; baseline 0.002 -14"><span class='ocrx_word' id='word_1_37' title='bbox 234 498 315 538; x_wconf 91' lang='lat' dir='ltr'>Nec</span> <span class='ocrx_word' id='word_1_38' title='bbox 346 499 530 550; x_wconf 84' lang='lat' dir='ltr'>prohibet</span> <span class='ocrx_word' id='word_1_39' title='bbox 561 499 633 538; x_wconf 89' lang='lat' dir='ltr'>tibi</span> <span class='ocrx_word' id='word_1_40' title='bbox 664 511 726 538; x_wconf 90' lang='lat' dir='ltr'>me</span> <span class='ocrx_word' id='word_1_41' title='bbox 759 499 933 538; x_wconf 90' lang='lat' dir='ltr'>scribere</span> <span class='ocrx_word' id='word_1_42' title='bbox 953 531 964 551; x_wconf 85' lang='lat'><strong><em>,</em></strong></span> <span class='ocrx_word' id='word_1_43' title='bbox 996 505 1114 550; x_wconf 90' lang='lat' dir='ltr'>teque</span> <span class='ocrx_word' id='word_1_44' title='bbox 1146 500 1264 539; x_wconf 90' lang='lat' dir='ltr'>mihi.</span> 
     </span>
     <span class='ocr_line' id='line_1_7' title="bbox 175 557 1197 611; baseline 0.001 -15"><span class='ocrx_word' id='word_1_45' title='bbox 175 557 257 596; x_wconf 89' lang='lat' dir='ltr'>Nec</span> <span class='ocrx_word' id='word_1_46' title='bbox 290 558 418 596; x_wconf 90' lang='lat' dir='ltr'>scelus</span> <span class='ocrx_word' id='word_1_47' title='bbox 451 558 632 597; x_wconf 80' lang='lat' dir='ltr'>admittas</span> <span class='ocrx_word' id='word_1_48' title='bbox 651 590 661 610; x_wconf 91' lang='lat'>,</span> <span class='ocrx_word' id='word_1_49' title='bbox 694 559 727 597; x_wconf 91' lang='lat' dir='ltr'>si</span> <span class='ocrx_word' id='word_1_50' title='bbox 759 558 973 597; x_wconf 85' lang='lat' dir='ltr'>consoleris</span> <span class='ocrx_word' id='word_1_51' title='bbox 1006 560 1197 611; x_wconf 85' lang='lat' dir='ltr'>amicum,</span> 
     </span>
     <span class='ocr_line' id='line_1_8' title="bbox 235 615 1088 668; baseline 0.001 -14"><span class='ocrx_word' id='word_1_52' title='bbox 235 615 417 655; x_wconf 87' lang='lat' dir='ltr'>Mollibus</span> <span class='ocrx_word' id='word_1_53' title='bbox 451 623 490 656; x_wconf 90' lang='lat' dir='ltr'>et</span> <span class='ocrx_word' id='word_1_54' title='bbox 520 617 650 655; x_wconf 89' lang='lat' dir='ltr'>verbis</span> <span class='ocrx_word' id='word_1_55' title='bbox 683 629 821 668; x_wconf 89' lang='lat' dir='ltr'>aspera</span> <span class='ocrx_word' id='word_1_56' title='bbox 852 618 929 655; x_wconf 88' lang='lat' dir='ltr'>fata</span> <span class='ocrx_word' id='word_1_57' title='bbox 960 616 1088 656; x_wconf 88' lang='lat' dir='ltr'>leves.</span> 
     </span>
     <span class='ocr_line' id='line_1_9' title="bbox 114 675 1283 727; baseline 0 -13"><span class='ocrx_word' id='word_1_58' title='bbox 114 682 156 714; x_wconf 85' lang='lat'>15</span> <span class='ocrx_word' id='word_1_59' title='bbox 178 675 286 727; x_wconf 84' lang='lat' dir='ltr'>Cur,</span> <span class='ocrx_word' id='word_1_60' title='bbox 320 675 413 714; x_wconf 91' lang='lat' dir='ltr'>dum</span> <span class='ocrx_word' id='word_1_61' title='bbox 445 682 528 715; x_wconf 89' lang='lat' dir='ltr'>tuta</span> <span class='ocrx_word' id='word_1_62' title='bbox 561 678 675 714; x_wconf 91' lang='lat' dir='ltr'>times</span> <span class='ocrx_word' id='word_1_63' title='bbox 694 707 704 727; x_wconf 88' lang='lat'>‚</span> <span class='ocrx_word' id='word_1_64' title='bbox 737 676 832 714; x_wconf 87' lang='lat' dir='ltr'>facis</span> <span class='ocrx_word' id='word_1_65' title='bbox 864 681 909 714; x_wconf 89' lang='lat' dir='ltr'>ut</span> <span class='ocrx_word' id='word_1_66' title='bbox 940 677 1160 715; x_wconf 89' lang='lat' dir='ltr'>reverentia</span> <span class='ocrx_word' id='word_1_67' title='bbox 1197 675 1283 714; x_wconf 90' lang='lat' dir='ltr'>talis</span> 
     </span>
     <span class='ocr_line' id='line_1_10' title="bbox 235 732 1007 785; baseline 0.001 -13"><span class='ocrx_word' id='word_1_68' title='bbox 235 733 321 772; x_wconf 87' lang='lat' dir='ltr'>Fiat</span> <span class='ocrx_word' id='word_1_69' title='bbox 351 735 391 772; x_wconf 93' lang='lat' dir='ltr'>in</span> <span class='ocrx_word' id='word_1_70' title='bbox 422 735 620 785; x_wconf 84' lang='lat' dir='ltr'>Augustos</span> <span class='ocrx_word' id='word_1_71' title='bbox 652 734 841 773; x_wconf 83' lang='lat' dir='ltr'>invidiosa</span> <span class='ocrx_word' id='word_1_72' title='bbox 873 732 1007 773; x_wconf 84' lang='lat' dir='ltr'>deos?</span> 
     </span>
     <span class='ocr_line' id='line_1_11' title="bbox 176 792 1076 832; baseline 0.001 -2"><span class='ocrx_word' id='word_1_73' title='bbox 176 792 367 831; x_wconf 89' lang='lat' dir='ltr'>Fulminis</span> <span class='ocrx_word' id='word_1_74' title='bbox 401 793 561 831; x_wconf 88' lang='lat' dir='ltr'>adssatos</span> <span class='ocrx_word' id='word_1_75' title='bbox 593 793 793 831; x_wconf 90' lang='lat' dir='ltr'>interdum</span> <span class='ocrx_word' id='word_1_76' title='bbox 825 794 955 831; x_wconf 86' lang='lat' dir='ltr'>vivere</span> <span class='ocrx_word' id='word_1_77' title='bbox 988 793 1076 832; x_wconf 90' lang='lat' dir='ltr'>telis</span> 
     </span>
     <span class='ocr_line' id='line_1_12' title="bbox 234 850 1175 903; baseline 0 -14"><span class='ocrx_word' id='word_1_78' title='bbox 234 850 411 889; x_wconf 89' lang='lat' dir='ltr'>Vidimus</span> <span class='ocrx_word' id='word_1_79' title='bbox 444 857 483 890; x_wconf 94' lang='lat' dir='ltr'>et</span> <span class='ocrx_word' id='word_1_80' title='bbox 514 851 624 890; x_wconf 74' lang='lat' dir='ltr'>refici</span> <span class='ocrx_word' id='word_1_81' title='bbox 643 883 653 903; x_wconf 85' lang='lat'><strong><em>,</em></strong></span> <span class='ocrx_word' id='word_1_82' title='bbox 685 863 764 889; x_wconf 91' lang='lat' dir='ltr'>non</span> <span class='ocrx_word' id='word_1_83' title='bbox 796 851 1030 902; x_wconf 83' lang='lat' dir='ltr'>prohibente</span> <span class='ocrx_word' id='word_1_84' title='bbox 1062 851 1175 890; x_wconf 86' lang='lat' dir='ltr'>Iove.</span> 
     </span>
     <span class='ocr_line' id='line_1_13' title="bbox 175 908 1217 962; baseline 0 -14"><span class='ocrx_word' id='word_1_85' title='bbox 175 908 256 948; x_wconf 92' lang='lat' dir='ltr'>Nec</span> <span class='ocrx_word' id='word_1_86' title='bbox 276 941 287 962; x_wconf 84' lang='lat'><strong><em>,</em></strong></span> <span class='ocrx_word' id='word_1_87' title='bbox 320 911 410 960; x_wconf 85' lang='lat' dir='ltr'>quia</span> <span class='ocrx_word' id='word_1_88' title='bbox 441 909 648 961; x_wconf 89' lang='lat' dir='ltr'>Neptunus</span> <span class='ocrx_word' id='word_1_89' title='bbox 680 922 818 948; x_wconf 88' lang='lat' dir='ltr'>navem</span> <span class='ocrx_word' id='word_1_90' title='bbox 850 910 1040 948; x_wconf 90' lang='lat' dir='ltr'>lacerarat</span> <span class='ocrx_word' id='word_1_91' title='bbox 1071 909 1217 961; x_wconf 81' lang='lat' dir='ltr'>Ulixis,</span> 
     </span>
     <span class='ocr_line' id='line_1_14' title="bbox 113 967 1093 1020; baseline 0 -13"><span class='ocrx_word' id='word_1_92' title='bbox 113 976 156 1008; x_wconf 84' lang='lat'>20</span> <span class='ocrx_word' id='word_1_93' title='bbox 237 967 461 1007; x_wconf 86' lang='lat' dir='ltr'>Leucothea</span> <span class='ocrx_word' id='word_1_94' title='bbox 493 970 602 1007; x_wconf 88' lang='lat' dir='ltr'>nanti</span> <span class='ocrx_word' id='word_1_95' title='bbox 633 969 738 1007; x_wconf 87' lang='lat' dir='ltr'>ferre</span> <span class='ocrx_word' id='word_1_96' title='bbox 771 970 925 1020; x_wconf 79' lang='lat' dir='ltr'>negavit</span> <span class='ocrx_word' id='word_1_97' title='bbox 957 980 1093 1019; x_wconf 91' lang='lat' dir='ltr'>opem.</span> 
     </span>
    </p>

    <p class='ocr_par' dir='ltr' id='par_1_3' title="bbox 176 1026 1287 1195">
     <span class='ocr_line' id='line_1_15' title="bbox 177 1026 1274 1080; baseline -0.001 -14"><span class='ocrx_word' id='word_1_98' title='bbox 177 1026 301 1066; x_wconf 84' lang='lat' dir='ltr'>Crede</span> <span class='ocrx_word' id='word_1_99' title='bbox 332 1027 456 1080; x_wconf 89' lang='lat' dir='ltr'>mihi,</span> <span class='ocrx_word' id='word_1_100' title='bbox 488 1029 644 1066; x_wconf 87' lang='lat' dir='ltr'>miseris</span> <span class='ocrx_word' id='word_1_101' title='bbox 677 1027 859 1066; x_wconf 91' lang='lat' dir='ltr'>caelestia</span> <span class='ocrx_word' id='word_1_102' title='bbox 891 1029 1051 1066; x_wconf 89' lang='lat' dir='ltr'>numina</span> <span class='ocrx_word' id='word_1_103' title='bbox 1083 1031 1274 1078; x_wconf 77' lang='lat' dir='ltr'>parcunt,</span> 
     </span>
     <span class='ocr_line' id='line_1_16' title="bbox 235 1085 1199 1137; baseline 0 -12"><span class='ocrx_word' id='word_1_104' title='bbox 235 1085 316 1124; x_wconf 92' lang='lat' dir='ltr'>Nec</span> <span class='ocrx_word' id='word_1_105' title='bbox 348 1098 504 1137; x_wconf 87' lang='lat' dir='ltr'>semper</span> <span class='ocrx_word' id='word_1_106' title='bbox 535 1086 663 1125; x_wconf 89' lang='lat' dir='ltr'>laesos</span> <span class='ocrx_word' id='word_1_107' title='bbox 695 1093 735 1125; x_wconf 91' lang='lat' dir='ltr'>et</span> <span class='ocrx_word' id='word_1_108' title='bbox 765 1088 849 1125; x_wconf 88' lang='lat' dir='ltr'>sine</span> <span class='ocrx_word' id='word_1_109' title='bbox 882 1087 958 1125; x_wconf 90' lang='lat' dir='ltr'>fine</span> <span class='ocrx_word' id='word_1_110' title='bbox 990 1091 1199 1137; x_wconf 87' lang='lat' dir='ltr'>premunt.</span> 
     </span>
     <span class='ocr_line' id='line_1_17' title="bbox 176 1143 1287 1195; baseline 0 -13"><span class='ocrx_word' id='word_1_111' title='bbox 176 1144 360 1195; x_wconf 84' lang='lat' dir='ltr'>Principe</span> <span class='ocrx_word' id='word_1_112' title='bbox 394 1157 466 1184; x_wconf 88' lang='lat' dir='ltr'>nec</span> <span class='ocrx_word' id='word_1_113' title='bbox 499 1151 634 1184; x_wconf 87' lang='lat' dir='ltr'>nostro</span> <span class='ocrx_word' id='word_1_114' title='bbox 667 1145 765 1184; x_wconf 91' lang='lat' dir='ltr'>deus</span> <span class='ocrx_word' id='word_1_115' title='bbox 797 1152 857 1184; x_wconf 91' lang='lat' dir='ltr'>est</span> <span class='ocrx_word' id='word_1_116' title='bbox 889 1145 1129 1184; x_wconf 81' lang='lat' dir='ltr'>moderatior</span> <span class='ocrx_word' id='word_1_117' title='bbox 1161 1143 1287 1183; x_wconf 88' lang='lat' dir='ltr'>ullus:</span> 
     </span>
    </p>

    <p class='ocr_par' dir='ltr' id='par_1_4' title="bbox 114 1202 1404 2430">
     <span class='ocr_line' id='line_1_18' title="bbox 238 1202 991 1255; baseline 0.001 -14"><span class='ocrx_word' id='word_1_118' title='bbox 238 1202 389 1242; x_wconf 89' lang='lat' dir='ltr'>Iustitia</span> <span class='ocrx_word' id='word_1_119' title='bbox 421 1206 525 1242; x_wconf 90' lang='lat' dir='ltr'>vires</span> <span class='ocrx_word' id='word_1_120' title='bbox 557 1209 751 1255; x_wconf 88' lang='lat' dir='ltr'>temperat</span> <span class='ocrx_word' id='word_1_121' title='bbox 781 1204 845 1243; x_wconf 90' lang='lat' dir='ltr'>ille</span> <span class='ocrx_word' id='word_1_122' title='bbox 879 1216 991 1243; x_wconf 90' lang='lat' dir='ltr'>suas.</span> 
     </span>
     <span class='ocr_line' id='line_1_19' title="bbox 114 1260 1248 1314; baseline 0.001 -15"><span class='ocrx_word' id='word_1_123' title='bbox 114 1270 157 1300; x_wconf 79' lang='lat'>25</span> <span class='ocrx_word' id='word_1_124' title='bbox 178 1260 313 1312; x_wconf 91' lang='lat' dir='ltr'>Nuper</span> <span class='ocrx_word' id='word_1_125' title='bbox 346 1274 429 1300; x_wconf 90' lang='lat' dir='ltr'>eam</span> <span class='ocrx_word' id='word_1_126' title='bbox 463 1262 603 1301; x_wconf 87' lang='lat' dir='ltr'>Caesar</span> <span class='ocrx_word' id='word_1_127' title='bbox 636 1263 737 1301; x_wconf 82' lang='lat' dir='ltr'>facto</span> <span class='ocrx_word' id='word_1_128' title='bbox 770 1262 817 1301; x_wconf 88' lang='lat' dir='ltr'>de</span> <span class='ocrx_word' id='word_1_129' title='bbox 850 1274 1046 1301; x_wconf 88' lang='lat' dir='ltr'>marmore</span> <span class='ocrx_word' id='word_1_130' title='bbox 1078 1261 1248 1314; x_wconf 89' lang='lat' dir='ltr'>templo,</span> 
     </span>
     <span class='ocr_line' id='line_1_20' title="bbox 236 1320 1157 1372; baseline 0 -14"><span class='ocrx_word' id='word_1_131' title='bbox 236 1320 471 1371; x_wconf 83' lang='lat' dir='ltr'>Iampridem</span> <span class='ocrx_word' id='word_1_132' title='bbox 503 1322 635 1372; x_wconf 89' lang='lat' dir='ltr'>posuit</span> <span class='ocrx_word' id='word_1_133' title='bbox 666 1322 808 1359; x_wconf 91' lang='lat' dir='ltr'>mentis</span> <span class='ocrx_word' id='word_1_134' title='bbox 840 1323 881 1359; x_wconf 93' lang='lat' dir='ltr'>in</span> <span class='ocrx_word' id='word_1_135' title='bbox 914 1320 1008 1359; x_wconf 89' lang='lat' dir='ltr'>aede</span> <span class='ocrx_word' id='word_1_136' title='bbox 1042 1333 1157 1359; x_wconf 85' lang='lat' dir='ltr'>suae.</span> 
     </span>
     <span class='ocr_line' id='line_1_21' title="bbox 179 1378 1402 1431; baseline 0 -13"><span class='ocrx_word' id='word_1_137' title='bbox 179 1378 355 1431; x_wconf 87' lang='lat' dir='ltr'>Iuppiter</span> <span class='ocrx_word' id='word_1_138' title='bbox 386 1381 427 1418; x_wconf 92' lang='lat' dir='ltr'>in</span> <span class='ocrx_word' id='word_1_139' title='bbox 458 1380 603 1418; x_wconf 87' lang='lat' dir='ltr'>multos</span> <span class='ocrx_word' id='word_1_140' title='bbox 635 1381 844 1418; x_wconf 87' lang='lat' dir='ltr'>temeraria</span> <span class='ocrx_word' id='word_1_141' title='bbox 877 1379 1038 1418; x_wconf 82' lang='lat' dir='ltr'>fulmina</span> <span class='ocrx_word' id='word_1_142' title='bbox 1070 1384 1254 1430; x_wconf 84' lang='lat' dir='ltr'>torquet,</span> <span class='ocrx_word' id='word_1_143' title='bbox 1346 1386 1402 1419; x_wconf 80' lang='lat'>(98)</span> 
     </span>
     <span class='ocr_line' id='line_1_22' title="bbox 239 1437 1118 1490; baseline 0 -14"><span class='ocrx_word' id='word_1_144' title='bbox 239 1437 314 1483; x_wconf 91' lang='lat' dir='ltr'>Qui</span> <span class='ocrx_word' id='word_1_145' title='bbox 346 1450 513 1489; x_wconf 86' lang='lat' dir='ltr'>poenam</span> <span class='ocrx_word' id='word_1_146' title='bbox 546 1438 659 1490; x_wconf 86' lang='lat' dir='ltr'>culpa</span> <span class='ocrx_word' id='word_1_147' title='bbox 691 1450 769 1477; x_wconf 90' lang='lat' dir='ltr'>non</span> <span class='ocrx_word' id='word_1_148' title='bbox 801 1450 984 1477; x_wconf 91' lang='lat' dir='ltr'>meruere</span> <span class='ocrx_word' id='word_1_149' title='bbox 1016 1439 1118 1489; x_wconf 90' lang='lat' dir='ltr'>pati.</span> 
     </span>
     <span class='ocr_line' id='line_1_23' title="bbox 181 1495 1254 1549; baseline -0.001 -14"><span class='ocrx_word' id='word_1_150' title='bbox 181 1495 370 1535; x_wconf 87' lang='lat' dir='ltr'>Obruerit</span> <span class='ocrx_word' id='word_1_151' title='bbox 402 1509 492 1536; x_wconf 92' lang='lat' dir='ltr'>cum</span> <span class='ocrx_word' id='word_1_152' title='bbox 523 1502 582 1536; x_wconf 88' lang='lat' dir='ltr'>tot</span> <span class='ocrx_word' id='word_1_153' title='bbox 614 1498 739 1535; x_wconf 88' lang='lat' dir='ltr'>saevis</span> <span class='ocrx_word' id='word_1_154' title='bbox 771 1496 868 1536; x_wconf 90' lang='lat' dir='ltr'>deus</span> <span class='ocrx_word' id='word_1_155' title='bbox 901 1498 1083 1547; x_wconf 89' lang='lat' dir='ltr'>aequoris</span> <span class='ocrx_word' id='word_1_156' title='bbox 1115 1496 1254 1549; x_wconf 86' lang='lat' dir='ltr'>undis,</span> 
     </span>
     <span class='ocr_line' id='line_1_24' title="bbox 115 1552 1123 1607; baseline 0 -13"><span class='ocrx_word' id='word_1_157' title='bbox 115 1563 160 1594; x_wconf 90' lang='lat'>30</span> <span class='ocrx_word' id='word_1_158' title='bbox 239 1554 297 1593; x_wconf 85' lang='lat' dir='ltr'>Ex</span> <span class='ocrx_word' id='word_1_159' title='bbox 328 1555 405 1594; x_wconf 90' lang='lat' dir='ltr'>illis</span> <span class='ocrx_word' id='word_1_160' title='bbox 437 1557 562 1606; x_wconf 83' lang='lat' dir='ltr'>mergi</span> <span class='ocrx_word' id='word_1_161' title='bbox 592 1568 683 1607; x_wconf 90' lang='lat' dir='ltr'>pars</span> <span class='ocrx_word' id='word_1_162' title='bbox 716 1562 834 1606; x_wconf 85' lang='lat' dir='ltr'>quota</span> <span class='ocrx_word' id='word_1_163' title='bbox 867 1555 983 1605; x_wconf 84' lang='lat' dir='ltr'>digna</span> <span class='ocrx_word' id='word_1_164' title='bbox 1015 1552 1123 1594; x_wconf 81' lang='lat' dir='ltr'>fuit?</span> 
     </span>
     <span class='ocr_line' id='line_1_25' title="bbox 181 1613 1284 1666; baseline -0.001 -13"><span class='ocrx_word' id='word_1_165' title='bbox 181 1613 278 1653; x_wconf 91' lang='lat' dir='ltr'>Cum</span> <span class='ocrx_word' id='word_1_166' title='bbox 311 1620 475 1665; x_wconf 86' lang='lat' dir='ltr'>pereant</span> <span class='ocrx_word' id='word_1_167' title='bbox 507 1616 589 1653; x_wconf 93' lang='lat' dir='ltr'>acie</span> <span class='ocrx_word' id='word_1_168' title='bbox 622 1615 834 1653; x_wconf 84' lang='lat' dir='ltr'>fortissima</span> <span class='ocrx_word' id='word_1_169' title='bbox 867 1626 1075 1666; x_wconf 81' lang='lat' dir='ltr'>quaeque,</span> <span class='ocrx_word' id='word_1_170' title='bbox 1108 1613 1168 1652; x_wconf 88' lang='lat' dir='ltr'>vel</span> <span class='ocrx_word' id='word_1_171' title='bbox 1199 1615 1284 1665; x_wconf 94' lang='lat' dir='ltr'>ipso</span> 
     </span>
     <span class='ocr_line' id='line_1_26' title="bbox 238 1672 1069 1724; baseline 0 -13"><span class='ocrx_word' id='word_1_172' title='bbox 238 1672 371 1712; x_wconf 90' lang='lat' dir='ltr'>Iudice</span> <span class='ocrx_word' id='word_1_173' title='bbox 404 1673 581 1712; x_wconf 86' lang='lat' dir='ltr'>delectus</span> <span class='ocrx_word' id='word_1_174' title='bbox 612 1673 746 1712; x_wconf 87' lang='lat' dir='ltr'>Martis</span> <span class='ocrx_word' id='word_1_175' title='bbox 778 1675 938 1724; x_wconf 87' lang='lat' dir='ltr'>iniquus</span> <span class='ocrx_word' id='word_1_176' title='bbox 971 1674 1069 1711; x_wconf 87' lang='lat' dir='ltr'>erit.</span> 
     </span>
     <span class='ocr_line' id='line_1_27' title="bbox 179 1732 1256 1783; baseline -0.001 -13"><span class='ocrx_word' id='word_1_177' title='bbox 179 1732 229 1770; x_wconf 88' lang='lat' dir='ltr'>At</span> <span class='ocrx_word' id='word_1_178' title='bbox 260 1733 293 1770; x_wconf 89' lang='lat' dir='ltr'>si</span> <span class='ocrx_word' id='word_1_179' title='bbox 325 1732 426 1771; x_wconf 89' lang='lat' dir='ltr'>forte</span> <span class='ocrx_word' id='word_1_180' title='bbox 457 1732 552 1771; x_wconf 86' lang='lat' dir='ltr'>velis</span> <span class='ocrx_word' id='word_1_181' title='bbox 585 1734 625 1770; x_wconf 91' lang='lat' dir='ltr'>in</span> <span class='ocrx_word' id='word_1_182' title='bbox 657 1744 728 1770; x_wconf 88' lang='lat' dir='ltr'>nos</span> <span class='ocrx_word' id='word_1_183' title='bbox 760 1733 963 1783; x_wconf 84' lang='lat' dir='ltr'>inquirere</span> <span class='ocrx_word' id='word_1_184' title='bbox 982 1762 993 1783; x_wconf 85' lang='lat'><em>,</em></span> <span class='ocrx_word' id='word_1_185' title='bbox 1025 1743 1140 1770; x_wconf 91' lang='lat' dir='ltr'>nemo</span> <span class='ocrx_word' id='word_1_186' title='bbox 1173 1737 1256 1782; x_wconf 88' lang='lat' dir='ltr'>est,</span> 
     </span>
     <span class='ocr_line' id='line_1_28' title="bbox 240 1789 1256 1843; baseline -0.001 -14"><span class='ocrx_word' id='word_1_187' title='bbox 240 1789 317 1836; x_wconf 85' lang='lat' dir='ltr'>Qui</span> <span class='ocrx_word' id='word_1_188' title='bbox 348 1802 390 1829; x_wconf 91' lang='lat' dir='ltr'>se</span> <span class='ocrx_word' id='word_1_189' title='bbox 409 1821 420 1842; x_wconf 85' lang='lat'><em>‚</em></span> <span class='ocrx_word' id='word_1_190' title='bbox 453 1790 558 1842; x_wconf 90' lang='lat' dir='ltr'>quod</span> <span class='ocrx_word' id='word_1_191' title='bbox 588 1792 766 1843; x_wconf 86' lang='lat' dir='ltr'>patitur,</span> <span class='ocrx_word' id='word_1_192' title='bbox 798 1792 1080 1830; x_wconf 86' lang='lat' dir='ltr'>commeruisse</span> <span class='ocrx_word' id='word_1_193' title='bbox 1113 1795 1256 1841; x_wconf 86' lang='lat' dir='ltr'>neget.</span> 
     </span>
     <span class='ocr_line' id='line_1_29' title="bbox 115 1847 1404 1901; baseline -0.002 -13"><span class='ocrx_word' id='word_1_194' title='bbox 115 1856 159 1888; x_wconf 90' lang='lat'>35</span> <span class='ocrx_word' id='word_1_195' title='bbox 179 1848 288 1888; x_wconf 89' lang='lat' dir='ltr'>Adde</span> <span class='ocrx_word' id='word_1_196' title='bbox 309 1880 319 1900; x_wconf 86' lang='lat'><em>‚</em></span> <span class='ocrx_word' id='word_1_197' title='bbox 352 1850 456 1901; x_wconf 91' lang='lat' dir='ltr'>quod</span> <span class='ocrx_word' id='word_1_198' title='bbox 489 1851 683 1888; x_wconf 87' lang='lat' dir='ltr'>extinctos</span> <span class='ocrx_word' id='word_1_199' title='bbox 715 1849 776 1888; x_wconf 87' lang='lat' dir='ltr'>vel</span> <span class='ocrx_word' id='word_1_200' title='bbox 808 1861 907 1901; x_wconf 87' lang='lat' dir='ltr'>aqua</span> <span class='ocrx_word' id='word_1_201' title='bbox 925 1880 936 1901; x_wconf 87' lang='lat'><em>‚</em></span> <span class='ocrx_word' id='word_1_202' title='bbox 962 1849 1023 1888; x_wconf 89' lang='lat' dir='ltr'>vel</span> <span class='ocrx_word' id='word_1_203' title='bbox 1048 1849 1170 1888; x_wconf 85' lang='lat' dir='ltr'>Marte</span> <span class='ocrx_word' id='word_1_204' title='bbox 1189 1880 1200 1900; x_wconf 88' lang='lat'><strong><em>,</em></strong></span> <span class='ocrx_word' id='word_1_205' title='bbox 1233 1847 1292 1887; x_wconf 89' lang='lat' dir='ltr'>vel</span> <span class='ocrx_word' id='word_1_206' title='bbox 1323 1849 1404 1900; x_wconf 83' lang='lat' dir='ltr'>igni</span> 
     </span>
     <span class='ocr_line' id='line_1_30' title="bbox 239 1907 1081 1960; baseline 0.001 -14"><span class='ocrx_word' id='word_1_207' title='bbox 239 1907 352 1947; x_wconf 88' lang='lat' dir='ltr'>Nulla</span> <span class='ocrx_word' id='word_1_208' title='bbox 383 1914 514 1960; x_wconf 90' lang='lat' dir='ltr'>potest</span> <span class='ocrx_word' id='word_1_209' title='bbox 543 1910 688 1947; x_wconf 89' lang='lat' dir='ltr'>iterum</span> <span class='ocrx_word' id='word_1_210' title='bbox 720 1910 942 1948; x_wconf 89' lang='lat' dir='ltr'>restituisse</span> <span class='ocrx_word' id='word_1_211' title='bbox 976 1908 1081 1947; x_wconf 91' lang='lat' dir='ltr'>dies.</span> 
     </span>
     <span class='ocr_line' id='line_1_31' title="bbox 180 1966 1169 2020; baseline 0 -15"><span class='ocrx_word' id='word_1_212' title='bbox 180 1966 369 2006; x_wconf 88' lang='lat' dir='ltr'>Restituit</span> <span class='ocrx_word' id='word_1_213' title='bbox 401 1967 544 2006; x_wconf 90' lang='lat' dir='ltr'>multos</span> <span class='ocrx_word' id='word_1_214' title='bbox 563 1999 574 2020; x_wconf 88' lang='lat'><em>‚</em></span> <span class='ocrx_word' id='word_1_215' title='bbox 605 1973 673 2006; x_wconf 89' lang='lat' dir='ltr'>aut</span> <span class='ocrx_word' id='word_1_216' title='bbox 705 1980 854 2018; x_wconf 86' lang='lat' dir='ltr'>poenae</span> <span class='ocrx_word' id='word_1_217' title='bbox 886 1972 998 2018; x_wconf 88' lang='lat' dir='ltr'>parte</span> <span class='ocrx_word' id='word_1_218' title='bbox 1030 1967 1169 2006; x_wconf 85' lang='lat' dir='ltr'>levavit</span> 
     </span>
     <span class='ocr_line' id='line_1_32' title="bbox 242 2023 1338 2077; baseline -0.001 -13"><span class='ocrx_word' id='word_1_219' title='bbox 242 2025 383 2064; x_wconf 85' lang='lat' dir='ltr'>Caesar</span> <span class='ocrx_word' id='word_1_220' title='bbox 403 2056 411 2065; x_wconf 91' lang='lat'><em>.</em></span> <span class='ocrx_word' id='word_1_221' title='bbox 468 2032 508 2065; x_wconf 91' lang='lat' dir='ltr'>et</span> <span class='ocrx_word' id='word_1_222' title='bbox 538 2027 579 2065; x_wconf 91' lang='lat' dir='ltr'>in</span> <span class='ocrx_word' id='word_1_223' title='bbox 612 2026 745 2065; x_wconf 92' lang='lat' dir='ltr'>multis</span> <span class='ocrx_word' id='word_1_224' title='bbox 777 2038 839 2064; x_wconf 90' lang='lat' dir='ltr'>me</span> <span class='ocrx_word' id='word_1_225' title='bbox 859 2058 869 2077; x_wconf 89' lang='lat'>‚</span> <span class='ocrx_word' id='word_1_226' title='bbox 901 2037 1072 2077; x_wconf 82' lang='lat' dir='ltr'>precor,</span> <span class='ocrx_word' id='word_1_227' title='bbox 1105 2037 1191 2063; x_wconf 87' lang='lat' dir='ltr'>esse</span> <span class='ocrx_word' id='word_1_228' title='bbox 1224 2023 1338 2063; x_wconf 82' lang='lat' dir='ltr'>velit!</span> 
     </span>
     <span class='ocr_line' id='line_1_33' title="bbox 181 2084 1250 2136; baseline -0.002 -13"><span class='ocrx_word' id='word_1_229' title='bbox 181 2084 231 2124; x_wconf 89' lang='lat' dir='ltr'>At</span> <span class='ocrx_word' id='word_1_230' title='bbox 262 2090 334 2136; x_wconf 87' lang='lat' dir='ltr'>tu,</span> <span class='ocrx_word' id='word_1_231' title='bbox 367 2096 455 2123; x_wconf 91' lang='lat' dir='ltr'>cum</span> <span class='ocrx_word' id='word_1_232' title='bbox 487 2084 554 2123; x_wconf 85' lang='lat' dir='ltr'>tali</span> <span class='ocrx_word' id='word_1_233' title='bbox 585 2085 753 2136; x_wconf 90' lang='lat' dir='ltr'>populus</span> <span class='ocrx_word' id='word_1_234' title='bbox 786 2084 859 2123; x_wconf 91' lang='lat' dir='ltr'>sub</span> <span class='ocrx_word' id='word_1_235' title='bbox 891 2085 1070 2135; x_wconf 90' lang='lat' dir='ltr'>principe</span> <span class='ocrx_word' id='word_1_236' title='bbox 1104 2084 1250 2135; x_wconf 84' lang='lat' dir='ltr'>simus,</span> 
     </span>
     <span class='ocr_line' id='line_1_34' title="bbox 116 2139 1157 2194; baseline -0.002 -12"><span class='ocrx_word' id='word_1_237' title='bbox 116 2150 162 2182; x_wconf 89' lang='grc'>40</span> <span class='ocrx_word' id='word_1_238' title='bbox 241 2143 431 2194; x_wconf 89' lang='lat' dir='ltr'>Adloquio</span> <span class='ocrx_word' id='word_1_239' title='bbox 463 2144 620 2194; x_wconf 85' lang='lat' dir='ltr'>profugi</span> <span class='ocrx_word' id='word_1_240' title='bbox 652 2144 780 2182; x_wconf 88' lang='lat' dir='ltr'>credis</span> <span class='ocrx_word' id='word_1_241' title='bbox 811 2145 941 2181; x_wconf 89' lang='lat' dir='ltr'>inesse</span> <span class='ocrx_word' id='word_1_242' title='bbox 974 2139 1157 2181; x_wconf 84' lang='lat' dir='ltr'>metum?</span> 
     </span>
     <span class='ocr_line' id='line_1_35' title="bbox 181 2201 1228 2252; baseline -0.001 -12"><span class='ocrx_word' id='word_1_243' title='bbox 181 2201 362 2241; x_wconf 88' lang='lat' dir='ltr'>Forsitan</span> <span class='ocrx_word' id='word_1_244' title='bbox 393 2202 489 2241; x_wconf 89' lang='lat' dir='ltr'>haec</span> <span class='ocrx_word' id='word_1_245' title='bbox 521 2202 678 2241; x_wconf 91' lang='lat' dir='ltr'>domino</span> <span class='ocrx_word' id='word_1_246' title='bbox 710 2201 892 2241; x_wconf 87' lang='lat' dir='ltr'>Busiride</span> <span class='ocrx_word' id='word_1_247' title='bbox 923 2202 1010 2240; x_wconf 91' lang='lat' dir='ltr'>iure</span> <span class='ocrx_word' id='word_1_248' title='bbox 1043 2202 1228 2252; x_wconf 86' lang='lat' dir='ltr'>timeres,</span> 
     </span>
     <span class='ocr_line' id='line_1_36' title="bbox 240 2260 1152 2300; baseline -0.001 -1"><span class='ocrx_word' id='word_1_249' title='bbox 240 2261 317 2299; x_wconf 88' lang='lat' dir='ltr'>Aut</span> <span class='ocrx_word' id='word_1_250' title='bbox 348 2260 462 2299; x_wconf 88' lang='lat' dir='ltr'>solito</span> <span class='ocrx_word' id='word_1_251' title='bbox 496 2261 649 2300; x_wconf 90' lang='lat' dir='ltr'>clausos</span> <span class='ocrx_word' id='word_1_252' title='bbox 681 2273 798 2300; x_wconf 89' lang='lat' dir='ltr'>urere</span> <span class='ocrx_word' id='word_1_253' title='bbox 830 2262 871 2299; x_wconf 93' lang='lat' dir='ltr'>in</span> <span class='ocrx_word' id='word_1_254' title='bbox 903 2272 992 2298; x_wconf 88' lang='lat' dir='ltr'>aere</span> <span class='ocrx_word' id='word_1_255' title='bbox 1025 2261 1152 2298; x_wconf 91' lang='lat' dir='ltr'>viros.</span> 
     </span>
     <span class='ocr_line' id='line_1_37' title="bbox 182 2318 1240 2358; baseline -0.001 0"><span class='ocrx_word' id='word_1_256' title='bbox 182 2318 324 2358; x_wconf 89' lang='lat' dir='ltr'>Desine</span> <span class='ocrx_word' id='word_1_257' title='bbox 355 2321 491 2358; x_wconf 92' lang='lat' dir='ltr'>mitem</span> <span class='ocrx_word' id='word_1_258' title='bbox 523 2322 694 2358; x_wconf 88' lang='lat' dir='ltr'>animum</span> <span class='ocrx_word' id='word_1_259' title='bbox 727 2331 825 2358; x_wconf 86' lang='lat' dir='ltr'>vano</span> <span class='ocrx_word' id='word_1_260' title='bbox 856 2319 1045 2357; x_wconf 85' lang='lat' dir='ltr'>infamare</span> <span class='ocrx_word' id='word_1_261' title='bbox 1077 2320 1240 2358; x_wconf 85' lang='lat' dir='ltr'>timore.</span> 
     </span>
     <span class='ocr_line' id='line_1_38' title="bbox 244 2375 1239 2430; baseline -0.001 -14"><span class='ocrx_word' id='word_1_262' title='bbox 244 2377 363 2416; x_wconf 90' lang='lat' dir='ltr'>Saeva</span> <span class='ocrx_word' id='word_1_263' title='bbox 397 2378 490 2429; x_wconf 91' lang='lat' dir='ltr'>quid</span> <span class='ocrx_word' id='word_1_264' title='bbox 522 2380 563 2417; x_wconf 89' lang='lat' dir='ltr'>in</span> <span class='ocrx_word' id='word_1_265' title='bbox 594 2378 757 2430; x_wconf 86' lang='lat' dir='ltr'>placidis</span> <span class='ocrx_word' id='word_1_266' title='bbox 790 2390 880 2417; x_wconf 87' lang='lat' dir='ltr'>saxa</span> <span class='ocrx_word' id='word_1_267' title='bbox 911 2379 1061 2417; x_wconf 85' lang='lat' dir='ltr'>vereris</span> <span class='ocrx_word' id='word_1_268' title='bbox 1093 2375 1239 2429; x_wconf 79' lang='lat' dir='ltr'>aquis?</span> 
     </span>
    </p>
   </div>
  </div>
 </body>
</html>
