1570 2527
625 120 653 155 1.
680 122 878 154 317—386.
1339 117 1424 160 223

201 228 297 269 Nam
330 233 411 268 sata
442 240 533 267 vere
566 240 665 267 novo
698 229 846 268 teneris
878 228 1061 268 lactentia
1093 230 1198 268 sucis

259 287 381 327 Eruta
415 289 629 338 saetigerae
662 289 856 339 comperit
887 300 954 326 ore
989 290 1093 327 suis.

202 346 277 386 Sus
310 346 470 385 dederat
501 358 677 397 poenas:
721 346 898 397 exemplo
932 348 1095 386 territus
1127 346 1245 386 huius

257 405 420 444 Palmite
453 404 646 444 debueras
679 404 945 458 abstinuisse,
979 418 1117 457 caper.

111 472 179 504 355
201 463 327 511 Quem
359 468 540 516 spectans
573 463 713 515 aliquis
746 464 883 503 dentes
915 465 956 503 in
989 467 1064 503 vite
1097 469 1365 518 prementem,

260 522 366 562 Talia
398 535 476 562 non
508 524 626 562 tacito
658 523 762 562 dicta
793 522 927 562 dolore
960 523 1089 563 dedit:

202 578 334 621 ‘Rode
353 612 364 634 ,
397 593 543 634 caper,
575 581 722 621 vitem!
767 587 896 621 tamen
928 581 1020 621 hinc
1039 614 1050 634 ,
1083 594 1172 621 cum
1205 581 1326 622 stabis

931 641 977 680 ad
1010 653 1142 694 aram,

258 698 303 739 In
337 705 403 739 tua
436 699 539 751 quod
573 701 704 752 spargi
735 711 882 739 cornua
913 702 1065 752 possit,
1099 696 1217 739 erit.'

198 756 326 797 Verba
357 758 453 797 fides
486 759 695 809 sequitur:
739 770 862 797 noxae
895 758 968 814 ¹th
999 758 1155 798 deditus
1185 758 1310 798 hostis

112 825 180 856 360
262 817 468 868 Spargitur
499 817 637 856 adfuso
670 829 847 869 cornua,
878 816 1029 856 Bacche
1049 849 1059 869 ‚
1092 830 1223 857 mero.

200 874 321 927 Culpa
353 877 415 915 sui
446 877 612 927 nocuit,
644 877 782 914 nocuit
813 887 970 927 quoque
1003 876 1115 927 culpa
1148 875 1341 927 capellae:

258 933 359 980 Quid
392 933 492 987 bos,
525 934 619 986 quid
650 934 824 986 placidae
857 935 1147 973 commeruistis
1180 933 1306 974 oves?

198 992 334 1032 Flebat
364 993 598 1046 Aristaeus,
630 993 734 1045 quod
768 1005 860 1045 apes
893 1005 982 1033 cum
1015 994 1138 1045 stirpe
1171 999 1328 1033 necatas

258 1051 419 1091 Viderat
450 1053 630 1103 inceptos
663 1052 890 1091 destituisse
923 1053 1052 1091 favos.

111 1118 179 1150 365
200 1109 363 1150 Caerula
397 1123 513 1162 quem
546 1111 725 1162 genetrix
757 1123 872 1162 aegre
905 1111 1025 1150 solata
1057 1110 1277 1164 dolentem,

258 1169 418 1208 Addidit
448 1168 545 1209 haec
578 1169 693 1208 dictis
726 1169 861 1208 ultima
892 1169 1009 1209 verba
1042 1171 1147 1209 suis:

201 1225 326 1268 ‘Siste
345 1259 356 1280 ,
388 1240 516 1281 puer,
548 1227 750 1267 lacrimas!
794 1228 962 1268 Proteus
994 1234 1060 1267 tua
1090 1229 1229 1267 damna
1260 1228 1423 1283 levabit,

259 1287 424 1338 Quoque
456 1286 571 1326 modo
603 1298 764 1338 repares
796 1299 895 1338 quae
927 1289 1081 1338 periere
1101 1319 1112 1339 ,
1144 1287 1276 1328 dabit.

199 1344 377 1397 Decipiat
407 1358 456 1385 ne
489 1352 528 1385 te
560 1347 685 1385 versis
717 1351 847 1385 tamen
878 1345 943 1384 ille
975 1347 1135 1398 figuris,

113 1412 181 1444 370
260 1404 478 1456 Impediant
509 1406 683 1456 geminas
714 1404 868 1444 vincula
900 1405 1011 1443 firma
1043 1402 1228 1444 manus.'

199 1463 384 1502 Pervenit
415 1463 462 1502 ad
494 1468 620 1502 vatem
652 1464 805 1502 iuvenis
824 1494 835 1516 ‚
866 1463 1118 1515 resolutaque
1151 1476 1287 1504 somno

257 1521 397 1573 Alligat
428 1522 616 1574 aequorei
646 1521 806 1561 brachia
838 1528 949 1573 capta
981 1524 1109 1561 senis.

199 1580 266 1620 Ille
299 1593 367 1620 sua
399 1581 538 1620 faciem
570 1581 817 1620 transformis
849 1580 1044 1620 adulterat
1074 1586 1181 1621 arte:

258 1639 345 1678 Mox
378 1639 550 1679 domitus
582 1638 721 1678 vinclis
751 1641 793 1679 in
825 1651 894 1678 sua
927 1639 1102 1679 membra
1133 1639 1259 1692 redit,

111 1706 180 1739 375
201 1698 357 1750 Oraque
390 1698 569 1738 caerulea
601 1698 742 1737 tollens
774 1700 947 1738 rorantia
978 1698 1121 1751 barba,

260 1754 387 1803 ‘Qua'
419 1757 516 1796 dixit
548 1754 729 1809 ‘repares
761 1762 873 1810 arte,
905 1759 1105 1810 requiris,
1138 1754 1266 1810 apes?

199 1815 331 1856 Obrue
362 1818 521 1856 mactati
552 1829 696 1868 corpus
728 1816 870 1855 tellure
901 1817 1080 1856 iuvenci:

258 1875 370 1922 Quod
402 1877 505 1927 petis
537 1888 558 1914 a
590 1875 703 1914 nobis
721 1907 732 1928 ,
764 1875 930 1914 obrutus
961 1875 1025 1914 ille
1059 1870 1210 1914 dabit.'

199 1934 308 1974 Iussa
340 1935 432 1974 facit
462 1940 624 1986 pastor.
681 1935 834 1973 servent
866 1936 1040 1973 examina
1072 1935 1180 1986 putri

110 2001 178 2033 380
256 1993 311 2032 De
342 1992 471 2032 bove:
513 1993 618 2032 mille
650 1994 797 2032 animas
829 2005 906 2031 una
938 1999 1075 2031 necata
1107 1992 1237 2031 dedit.

197 2052 330 2091 Poscit
361 2063 472 2090 ovem
504 2052 657 2091 fatum:
700 2051 890 2090 verbenas
922 2051 1100 2102 improba
1132 2051 1300 2104 carpsit,

257 2110 362 2157 Quas
392 2112 456 2163 pia
488 2110 548 2149 dis
578 2111 684 2150 ruris
716 2111 820 2149 ferre
854 2109 1000 2149 solebat
1033 2121 1153 2148 anus.

198 2168 298 2216 Quid
331 2171 406 2209 tuti
438 2174 648 2222 superest,
680 2171 847 2208 animam
879 2180 969 2208 cum
1000 2174 1120 2220 ponat
1150 2169 1190 2207 in
1222 2170 1301 2207 aris

256 2228 572 2280 Lanigerumque
604 2240 727 2279 pecus
758 2227 1032 2279 ruricolaeque
1063 2224 1218 2266 boves?

110 2295 177 2328 385
198 2286 329 2326 Placat
360 2299 462 2339 equo
493 2287 626 2326 Persis
659 2287 777 2326 radiis
809 2285 1032 2338 Hyperiona
1064 2287 1260 2338 cinctum,

255 2345 312 2385 Ne
345 2345 461 2386 detur
492 2345 613 2386 celeri
644 2347 800 2385 victima
830 2345 941 2384 tarda
972 2345 1069 2385 deo.
