1570 2527
126 119 209 162 208
667 120 911 153 EX.PONTO

301 229 351 269 Et
382 230 538 280 longum
573 228 707 267 Getico
740 240 918 267 murmur
950 229 987 267 in
1022 241 1088 268 ore
1115 229 1211 268 suit.
1294 270 1297 273 ,

242 289 368 340 Atque
403 288 541 338 aliquis
574 284 741 325 ‘scribas
772 286 868 325 haec
899 298 988 325 cum
1021 286 1068 325 de
1102 283 1304 338 Caesare'‚

969 345 1065 383 dixit
1383 353 1457 386 (139)

303 402 499 443 ‘Caesaris
532 405 695 454 imperio
728 403 995 443 restituendus
1028 415 1113 442 eras
1128 401 1151 442 ‚³

244 463 310 502 llle
344 463 501 513 quidem
533 462 657 501 dixit.
714 462 780 500 sed
814 473 874 500 me
907 463 1012 512 iam,
1044 461 1140 500 Care
1160 492 1170 512 ,
1201 461 1319 500 nivali

180 530 222 561 40
303 521 418 559 Sexta
450 521 665 570 relegatum
697 520 835 558 bruma
867 519 939 558 sub
971 531 1040 557 axe
1073 520 1199 558 videt.

245 580 423 618 Carmina
454 579 508 617 nil
540 586 732 629 prosunt.
787 583 1006 616 nocuerunt
1038 580 1208 616 carmina
1241 577 1458 630 quondam,

303 638 510 688 Primaque
543 642 620 676 tam
652 638 817 675 miserae
851 648 966 675 causa
999 636 1108 674 fuere
1141 636 1276 687 fugae.

245 698 293 735 At
323 702 395 748 tu,
427 708 496 747 per
529 696 648 734 studii
681 696 900 734 communia
932 694 1088 733 foedera
1119 696 1247 747 sacri,

303 755 377 793 Per
410 767 487 792 non
519 754 591 792 vile
624 753 695 792 tibi
726 765 867 792 nomen
900 754 1114 804 amicitiae3

181 821 225 852 45
248 814 311 852 Sic
344 820 455 863 capto
488 812 606 851 Latiis
640 812 892 850 Germanicus
926 811 1036 850 hoste
1069 812 1215 850 catenis

304 871 504 910 Materiam
537 872 677 909 vestris
710 871 859 909 adferat
890 871 1078 920 ingeniis:

248 931 311 969 Sic
343 929 493 968 valeant
524 931 665 981 pueri,
698 935 829 967 votum
861 940 1066 967 commune
1099 928 1284 979 deorum,

305 988 411 1034 Quos
443 988 525 1027 laus
558 987 780 1027 formandos
813 993 872 1026 est
904 986 975 1025 tibi
1006 998 1142 1037 magna
1173 986 1306 1025 datos:

249 1047 398 1093 Quanta
431 1052 570 1097 potes,
603 1046 746 1096 praebe
779 1051 933 1084 nostrae
966 1050 1161 1083 momenta
1192 1044 1331 1092 saluti,

184 1114 226 1146 50
306 1105 411 1150 Quae
444 1106 519 1143 nisi
551 1110 698 1143 mutato
731 1104 835 1142 nulla
867 1104 999 1143 sutura
1030 1102 1116 1141 loco
1149 1108 1231 1142 est.

715 1231 866 1278 ὶζΙΙΙΙ.

248 1338 352 1378 Haec
385 1338 454 1378 tibi
487 1339 725 1389 mittuntur,
759 1348 875 1388 quem
908 1348 994 1375 sum
1026 1335 1141 1374 modo
1174 1337 1344 1375 carmine

974 1400 1136 1446 questus

306 1456 391 1495 Non
424 1460 556 1506 aptum
587 1456 761 1494 numeris
794 1465 935 1492 nomen
966 1453 1111 1492 habere
1142 1453 1263 1492 meis:

248 1514 292 1553 In
325 1514 495 1565 quihus,
529 1519 689 1564 excepto
724 1512 826 1563 quod
860 1512 985 1551 adhuc
1022 1517 1237 1562 utcumque
1269 1510 1464 1562 valemus,

308 1573 398 1623 Nil,
432 1584 492 1611 me
524 1578 726 1623 praeterea
760 1571 863 1622 quod
895 1572 1030 1622 iuvet,
1061 1571 1259 1609 invenies,

209 1640 229 1671 5
249 1631 336 1682 Ipsa
368 1643 522 1682 quoque
556 1636 616 1669 est
656 1631 778 1668 invisa
810 1629 912 1668 salus
931 1660 942 1681 ,
981 1634 1150 1680 suntque
1187 1628 1323 1667 ultima
1353 1632 1462 1679 vota,

311 1689 493 1734 Quolibet
525 1701 571 1727 ex
603 1689 688 1727 istis
721 1687 871 1727 scilicet
901 1689 959 1726 ire
990 1687 1108 1726 locis.

250 1747 362 1786 Nulla
395 1747 488 1785 mihi
520 1759 614 1785 cura
646 1752 732 1797 est,
765 1752 869 1784 terra
902 1757 977 1795 quo
1011 1750 1140 1784 muter
1171 1744 1218 1783 ab
1250 1746 1347 1796 ista,

308 1805 388 1844 Hac
421 1806 509 1855 quia
528 1836 538 1855 ,
571 1816 687 1854 quam
718 1804 829 1842 video
848 1834 858 1854 ,
891 1805 1035 1853 gratior
1068 1804 1193 1841 omnis
1226 1803 1323 1841 erit.

251 1864 294 1903 In
327 1863 472 1902 medias
506 1862 668 1914 Syrtes,
700 1862 865 1900 mediam
898 1873 982 1900 mea
1013 1861 1095 1900 vela
1128 1860 1348 1912 Charybdin
1391 1867 1466 1902 (140)

190 1931 232 1962 10
311 1921 480 1973 Mittite,
511 1922 709 1972 praesenti
740 1920 832 1959 dum
864 1931 1064 1958 careamus
1096 1919 1237 1958 humo,

253 1980 346 2032 Styx
379 1992 534 2031 quoque
553 2009 564 2031 ,
596 1978 724 2030 siquid
757 1990 801 2017 ea
832 1983 920 2030 est,
952 1978 1051 2017 bene
1084 1976 1387 2016 commutabitur

977 2036 1133 2088 Histr03

313 2096 449 2148 Siquid
483 2102 521 2136 et
552 2096 717 2135 inferius
736 2127 746 2147 ,
778 2106 892 2146 quam
926 2094 1070 2147 Styga,
1102 2093 1272 2133 mundus
1304 2092 1443 2132 habet.

254 2155 434 2194 Gramina
468 2155 595 2194 cultus
628 2166 747 2205 ager,
780 2154 903 2204 frigus
935 2154 1064 2192 minus
1098 2152 1180 2191 odit
1210 2151 1404 2203 hirundo,

311 2214 492 2252 Proxima
523 2212 734 2252 Marticolis
767 2223 882 2263 quam
913 2211 996 2250 loca
1028 2211 1128 2250 Naso
1161 2210 1291 2250 Getis.

193 2280 233 2310 15
255 2271 360 2310 Talia
393 2278 628 2311 succensent
659 2276 820 2323 propter
851 2269 946 2309 mihi
976 2269 1093 2308 verba
1125 2268 1322 2320 Tomitae,

312 2329 451 2381 Iraque
484 2329 721 2369 carminibus
752 2328 908 2381 publica
934 2333 1036 2367 mota
1068 2328 1187 2367 meis.
