1570 2527
578 123 620 155 V.
646 124 843 156 319—392.
1295 119 1378 161 113

215 229 368 268 Belides
400 229 555 268 assidua
587 229 685 268 colla
715 234 951 281 premuntur
982 241 1101 281 aqua.

157 287 339 339 Byblidos
372 294 411 327 et
443 287 613 327 Canaces
632 319 643 340 ,
675 289 709 327 si
741 290 805 327 cui
838 289 932 327 facis
951 320 961 340 ‚
993 288 1128 327 ardeat
1159 289 1272 340 igne,

214 346 295 385 Nec
326 347 403 385 nisi
434 358 505 397 per
537 348 686 385 crimen
719 348 770 385 sit
801 346 873 385 tibi
904 347 979 385 fida
1012 358 1146 386 soror.

156 405 252 444 Filia
285 406 318 443 si
350 405 468 444 suerit
487 436 497 456 ,
530 406 581 444 sit
613 405 715 456 quod
749 405 915 456 Pelopea
946 404 1131 457 Thyesti,

68 471 136 503 360
214 463 370 514 Myrrha
403 476 474 502 suo
506 465 637 515 patri,
670 463 978 515 Nyctimeneque
1013 476 1107 503 suo.

155 522 260 561 Neve
293 523 416 573 magis
448 523 510 573 pia
544 524 595 561 sit
627 523 822 573 capitique
854 524 1030 574 parentis
1062 522 1208 573 amica,

216 580 340 625 Quam
373 593 442 619 sua
474 581 533 619 vel
564 581 740 619 Pterelae
760 612 770 632 ,
803 581 863 619 vel
895 581 966 619 tibi
984 611 995 632 ‚
1026 580 1118 620 Nise
1138 612 1149 632 ‚
1181 580 1278 619 fuit:

158 639 425 690 Infamemque
457 639 585 678 locum
619 639 779 678 sceleris
813 652 912 690 quae
944 640 1102 678 nomine
1135 639 1251 691 fecit,

215 697 365 736 Pressit
396 703 436 736 et
466 698 638 736 inductis
669 697 844 736 membra
876 703 1038 749 paterna
1070 699 1190 737 rotis.

69 764 136 795 365
158 756 208 795 Ut
239 758 400 794 iuvenes
432 768 599 808 pereas,
631 758 806 806 proiecta
838 756 1025 794 cadavera
1058 767 1249 808 quorum,

216 813 372 865 Oraque
404 813 562 852 Pisaeae
596 815 820 853 sustinuere
853 815 980 853 fores:

157 872 207 911 Ut
240 874 307 923 qui
337 873 537 923 perfusam
569 874 805 912 miserorum
838 884 953 923 saepe
985 884 1198 923 procorum

216 931 304 983 Ipse
337 943 407 970 suo
439 931 579 970 melius
613 933 800 982 sanguine
833 932 949 970 tinxit
979 930 1169 970 humum:

158 989 341 1028 Proditor
373 995 417 1028 ut
449 991 553 1028 saevi
584 991 703 1041 periit
734 991 867 1041 auriga
899 991 1078 1042 tyranni,

70 1056 137 1088 370
217 1047 292 1094 Qui
323 1060 422 1087 nova
453 1048 625 1099 Myrtoae
659 1049 816 1087 nomina
848 1049 941 1087 fecit
973 1060 1120 1099 aquae:

159 1106 209 1146 Ut
241 1109 309 1158 qui
340 1107 514 1146 velocem
546 1107 692 1146 frustra
724 1108 874 1158 petiere
907 1106 1101 1159 puellam,

218 1165 319 1204 Dum
351 1166 450 1204 facta
483 1171 544 1204 est
574 1167 702 1217 pomis
734 1165 882 1204 tardior
914 1165 978 1204 illa
1010 1165 1162 1205 tribus:

159 1223 208 1263 Ut
240 1225 309 1275 qui
340 1229 443 1263 tecta
474 1225 566 1263 novi
597 1225 762 1263 formam
794 1224 959 1262 celantia
990 1225 1159 1263 monstri

219 1281 441 1332 [Intrarunt
472 1295 610 1321 caecae
642 1295 721 1321 non
753 1282 954 1322 redeunda
987 1281 1169 1334 domus]

71 1349 138 1381 375
159 1340 209 1380 Ut
241 1353 410 1392 quorum
442 1341 629 1380 Aeacides
661 1342 769 1380 misit
799 1341 993 1380 violentus
1025 1343 1066 1380 in
1099 1341 1218 1381 altum
1327 1350 1382 1383 (18)

217 1399 389 1451 Corpora
422 1412 511 1438 cum
545 1401 650 1439 senis
682 1399 801 1438 altera
834 1412 926 1438 sena
958 1412 1122 1450 rogum.

159 1457 209 1497 Ut
241 1470 340 1509 quos
358 1490 369 1510 ‚
401 1458 561 1497 obscuri
592 1460 716 1497 victos
748 1457 975 1507 amhagibus
1007 1460 1111 1510 oris,

218 1516 403 1567 Legimus
435 1516 614 1555 infandae
649 1516 821 1567 Sphinga
853 1516 1009 1555 dedisse
1041 1518 1152 1556 neci:

160 1574 211 1614 Ut
242 1577 309 1626 qui
341 1575 539 1614 Bistoniae
572 1575 717 1626 templo
751 1574 928 1613 cecidere
961 1575 1182 1627 Minervae,

72 1642 139 1673 380
218 1633 388 1684 Propter
420 1633 523 1685 quod
557 1634 675 1672 facies
707 1645 812 1672 nunc
846 1645 1002 1684 quoque
1035 1639 1139 1673 tecta
1171 1634 1329 1674 deaest:

160 1691 211 1731 Ut
243 1693 311 1743 qui
342 1692 515 1731 Threicii
548 1691 743 1743 quondam
775 1694 980 1743 praesepia
1012 1694 1116 1744 regis

217 1750 415 1789 Fecerunt
445 1750 609 1802 dapibus
642 1750 938 1801 sanguinolenta
971 1752 1076 1790 suis:

74 1831 123 1837 —
159 1809 517 1848 Therodamanteos
549 1814 593 1848 ut
625 1811 692 1860 qui
723 1821 884 1848 sensere
915 1809 1073 1862 leones,

218 1867 372 1919 Quique
404 1867 628 1907 Thoanteae
660 1868 827 1907 Taurica
858 1880 967 1907 sacra
1000 1868 1118 1908 deae:

71 1934 139 1966 385
160 1926 210 1966 Ut
241 1939 340 1977 quos
371 1925 498 1978 Scylla
529 1939 647 1965 vorax
674 1926 901 1978 Scyllaeque
934 1927 1095 1966 adversa
1127 1927 1342 1979 Charybdis

217 1984 419 2024 Dulichiae
450 1985 610 2036 pavidos
642 1987 825 2036 eripuere
858 1987 958 2024 rati:

160 2043 211 2083 Ut
243 2056 341 2095 quos
373 2043 530 2083 demisit
560 2048 707 2083 vastam
739 2043 1001 2095 Polyphemus
1033 2045 1073 2082 in
1105 2044 1260 2085 alvum:

218 2102 270 2141 Ut
300 2101 600 2154 Laestrygonias
633 2104 700 2154 qui
733 2102 889 2141 subiere
922 2114 1084 2142 manus:

160 2161 211 2200 Ut
243 2173 341 2212 quos
372 2161 452 2200 dux
483 2161 640 2200 Poenus
672 2163 809 2200 mersit
841 2160 1062 2212 putealibus
1095 2161 1210 2201 undis

72 2226 140 2259 390
218 2219 268 2259 Et
298 2221 400 2259 iacto
432 2232 548 2259 canas
580 2219 741 2271 pulvere
775 2220 868 2258 fecit
900 2232 1042 2271 aquas.

162 2278 237 2317 Sex
268 2277 329 2317 bis
361 2283 405 2318 ut
436 2278 606 2318 Icaridos
638 2278 803 2317 famulae
835 2280 989 2329 periere
1021 2280 1233 2331 procique,

218 2335 341 2388 Inque
374 2343 491 2389 caput
522 2337 670 2376 domini
702 2338 768 2388 qui
801 2336 916 2376 dabat
947 2349 1053 2377 arma
1084 2340 1239 2390 procis:

114 2407 223 2435 ovn).
259 2409 316 2435 m.
1149 2407 1170 2439 8
