1570 2527
188 101 244 143 26
737 104 815 136 TRI
820 104 962 136 STIUM

305 211 485 249 Attamen
517 212 556 249 in
588 222 735 261 poenae
768 212 923 250 nomine
955 212 1042 250 lene
1075 212 1171 251 fuit:

304 268 455 320 Quippe
487 268 711 320 relegatus,
742 280 820 307 non
852 270 941 308 exul
973 270 1080 308 dicor
1111 271 1152 308 in
1183 269 1273 323 illo,

303 326 493 378 Privaque
527 327 705 365 fortunae
738 332 830 366 sunt
859 327 913 366 ibi
945 328 1060 366 verba
1093 340 1222 367 meae.

304 384 414 423 Nulla
449 384 604 435 quidem
637 397 730 423 sano
762 387 915 435 gravior
947 388 1165 437 mentisque
1198 389 1350 437 potenti

219 450 283 481 140
305 442 433 481 Poena
465 448 552 494 est,
585 455 699 493 quarn
732 449 839 482 tauto
872 444 1116 494 displicuisse
1148 446 1254 497 viro,

305 500 379 538 Sed
413 500 511 538 solet
541 501 739 540 interdum
771 502 855 539 fieri
886 501 1071 552 placabile
1104 514 1271 542 numen:

302 557 412 596 Nube
446 557 544 596 solet
573 558 684 609 pulsa
716 559 904 597 candidus
938 562 995 598 ire
1028 559 1132 598 dies.

304 615 389 654 Vidi
421 628 492 667 ego
523 618 739 667 pampineis
771 623 967 656 oneratam
1000 617 1143 656 vitibus
1169 618 1344 670 ulmum,

305 674 410 719 Quae
443 674 571 713 fuerat
603 676 706 713 saevi
739 675 899 713 fulmine
932 680 1032 714 tacta
1064 675 1186 714 lovis.

218 740 283 770 145
306 732 391 782 lpse
424 731 514 770 licet
547 744 705 783 sperare
737 739 873 784 vetes,
906 733 1150 784 sperabimus
1182 746 1331 787 usque3

301 789 383 828 Hoc
415 802 536 829 unum
568 792 653 829 fieri
685 797 721 829 te
753 791 985 842 prohibente
1017 798 1168 843 potest.

302 848 400 898 Spes
425 848 520 886 mihi
545 861 681 899 magna
709 849 840 900 subit,
873 861 961 888 cum
988 855 1048 901 te,
1081 851 1285 889 mitissime
1311 852 1518 905 princeps,

305 905 401 957 Spes
434 906 529 944 mihi
547 937 556 958 ,
589 909 756 958 respicio
790 919 878 946 cum
911 919 995 945 mea
1027 908 1126 946 facta
1145 939 1155 959 ,
1187 909 1313 950 cadit.

303 965 357 1002 Ac
389 964 509 1002 veluti
540 967 665 1003 ventis
697 965 933 1016 agitantibus
965 970 1054 1004 aera
1084 978 1163 1005 non
1195 972 1255 1006 est

218 1030 284 1060 150
305 1021 486 1072 Aequalis
517 1022 645 1061 rabies
679 1025 966 1074 continuusque
999 1024 1138 1076 furor,

305 1079 378 1118 Sed
412 1080 525 1118 modo
559 1080 767 1119 subsidunt
796 1083 1089 1132 intermissique
1122 1081 1332 1136 silescunt,

302 1137 465 1188 Vimque
498 1144 612 1188 putes
644 1138 730 1177 illos
762 1139 990 1189 deposuisse
1022 1151 1155 1179 suam:

303 1195 365 1234 Sic
397 1195 542 1234 abeunt
573 1196 818 1247 redeuntque
850 1199 926 1235 mei
958 1199 1184 1248 variantque
1217 1200 1401 1253 timores,

302 1253 352 1292 Et
383 1265 492 1304 spem
523 1253 699 1304 placandi
732 1255 901 1305 dantque
934 1261 1154 1306 negantque
1188 1258 1268 1295 tui.

218 1319 282 1350 155
304 1312 378 1350 Per
412 1323 575 1362 superos
607 1314 726 1362 igitur
745 1343 755 1363 ,
795 1314 861 1363 qui
892 1312 984 1351 dant
1015 1313 1086 1351 tibi
1117 1314 1230 1364 longa
1263 1313 1488 1367 dabuntque

301 1370 492 1420 Tempora
512 1400 522 1420 ‚
555 1369 772 1408 Romanum
805 1372 837 1408 si
869 1371 983 1408 modo
1016 1383 1158 1410 nomen
1191 1379 1341 1425 amant,

300 1427 376 1465 Per
408 1428 571 1478 patriam
591 1459 601 1479 ,
634 1440 732 1478 quae
765 1434 802 1466 te
835 1434 917 1467 tuta
949 1435 988 1467 et
1019 1441 1157 1468 secura
1188 1437 1349 1480 parente
1383 1438 1464 1484 est,

303 1485 423 1523 Cuius
442 1517 452 1536 ,
485 1491 528 1524 ut
559 1487 598 1523 in
630 1486 774 1537 populo
793 1518 803 1538 ,
834 1498 924 1537 pars
957 1499 1027 1538 ego
1059 1499 1185 1538 nuper
1217 1500 1347 1541 eram,
1376 1510 1426 1517 —

304 1543 366 1581 Sic
400 1543 468 1581 tibi
488 1575 498 1594 ,
531 1556 647 1594 quem
679 1556 834 1595 semper
866 1546 977 1583 sactis
1010 1547 1217 1597 animoque
1250 1549 1439 1596 mereris,

218 1609 283 1640 160
304 1600 502 1639 Reddatur
534 1608 664 1652 gratae
698 1602 852 1641 debitus
885 1602 999 1641 Urbis
1032 1616 1163 1642 amor:

304 1658 410 1696 Livia
443 1661 498 1697 sic
530 1666 660 1698 tecum
693 1661 855 1698 sociales
888 1661 1079 1712 compleat
1110 1674 1253 1713 annos,

303 1716 438 1767 Quae,
471 1718 546 1755 nisi
578 1724 615 1756 te
635 1749 645 1769 ,
678 1718 782 1756 nullo
815 1720 979 1769 coniuge
1012 1719 1126 1770 digna
1157 1720 1253 1771 fuit,

304 1774 408 1819 Quae
442 1776 474 1812 si
506 1787 583 1813 non
616 1781 748 1826 esset,
782 1776 932 1815 caelebs
964 1782 1002 1815 te
1035 1778 1111 1815 vita
1143 1777 1324 1830 deceret,

302 1832 491 1883 Nullaque
512 1864 522 1884 ,
554 1835 616 1872 cui
648 1846 784 1884 posses
817 1846 902 1873 esse
936 1836 1127 1887 marituS,
1161 1841 1265 1875 erat:

217 1898 280 1929 165
304 1890 456 1941 Sospite
489 1892 544 1928 sic
577 1897 613 1929 te
647 1893 696 1930 sit
728 1898 842 1931 natus
875 1905 1029 1943 quoque
1063 1905 1227 1946 sospes,
1259 1900 1298 1933 et
1329 1894 1419 1933 olim

301 1948 513 1999 Imperium
546 1955 654 1999 regat
685 1950 758 1988 hoc
792 1963 880 1988 cum
913 1951 1066 1990 seniore
1100 1963 1242 1991 senex:

302 2006 353 2044 Ut
384 2007 609 2057 faciuntque
643 2009 727 2058 tui,
761 2008 869 2046 sidus
901 2009 1076 2048 iuvenale
1098 2039 1109 2059 ‚
1143 2015 1329 2062 nepotes,

300 2063 375 2101 Per
402 2070 466 2102 tua
497 2076 647 2115 perque
679 2066 737 2103 sui
772 2066 870 2104 sacta
902 2069 1073 2116 parentis
1107 2074 1218 2106 eant:

303 2121 367 2159 Sic
399 2122 558 2160 adsueta
592 2124 668 2161 tuis
701 2134 854 2173 semper
887 2123 1055 2162 Victoria
1087 2127 1225 2162 castris

218 2187 282 2218 170
303 2178 414 2217 Nunc
447 2192 602 2230 quoque
635 2192 676 2218 se
709 2186 880 2231 praestet
912 2188 1081 2232 notaque
1114 2184 1221 2233 signa
1252 2188 1381 2235 petat,

301 2238 594 2288 Ausoniumque
627 2239 765 2277 ducem
799 2239 922 2277 solitis
955 2240 1209 2279 circumvolet
1240 2240 1334 2292 alis,

302 2294 424 2333 Ponat
454 2302 494 2334 et
524 2298 563 2334 in
596 2297 715 2335 nitida
747 2297 878 2336 laurea
910 2303 1014 2336 serta
1045 2309 1176 2337 coma:
