1570 2527
189 131 272 173 128
730 133 795 164 EX
819 132 975 165 PONTo

241 249 283 281 15
303 241 496 292 Tempore
530 241 696 280 ducetur
728 240 841 292 longo
874 241 1039 280 fortasse
1072 241 1257 293 cicatrix3

361 300 532 338 Horrent
563 299 737 338 admotas
768 299 929 338 vulnera
961 299 1081 338 cruda
1112 311 1273 338 manus.

302 358 387 396 Non
420 363 480 396 est
510 359 550 395 in
576 357 726 396 medico
759 369 942 409 semper,
975 358 1171 396 relevetur
1202 364 1247 397 ut
1277 370 1416 410 aeger.
1464 369 1520 400 (12)

362 415 562 454 Interdum
595 415 706 454 docta
738 416 826 466 plus
858 415 957 454 valet
989 421 1073 454 arte
1105 416 1271 455 malum.

304 473 471 526 Cernis,
503 480 547 512 ut
579 486 599 512 e
632 474 738 512 molli
769 475 926 524 sanguis
958 473 1141 524 pulmone
1173 477 1362 514 remissus

240 541 283 571 20
363 531 420 570 Ad
454 532 606 583 Stygias
639 538 746 571 certo
779 532 900 570 limite
934 532 1051 570 ducat
1082 544 1221 583 aquas.

303 590 448 629 Afferat
479 592 562 641 ipse
594 591 685 629 licet
717 602 846 628 sacras
878 589 1114 641 Epidaurius
1146 589 1310 632 herbas.

363 648 523 687 Sanabit
553 648 658 687 nulla
689 649 850 687 vulnera
882 648 1012 686 cordis
1044 660 1139 699 ope.

303 707 455 746 Tollere
488 707 675 746 nodosam
707 709 832 746 nescit
863 707 1055 745 medicina
1087 707 1321 760 podagram,

361 765 440 804 Nec
474 766 689 804 formidatis
721 765 928 804 auxiliatur
960 767 1093 816 aquis.

239 831 282 862 25
304 823 403 862 Cura
437 836 593 875 quoque
624 824 821 862 interdum
855 823 959 862 nulla
990 823 1231 863 medicabilis
1262 829 1369 876 arte,
1395 846 1438 851 -—

362 883 467 933 Aut,
499 888 543 920 ut
574 884 652 933 sit,
684 882 798 933 longa
830 888 890 920 est
921 882 1165 920 extenuanda
1196 894 1327 921 mora.

304 940 398 979 Cum
431 940 530 978 bene
562 941 768 979 firmarunt
799 942 970 979 animum
1002 946 1209 992 praecepta
1240 942 1456 993 iacentem,

362 999 602 1050 Sumptaque
635 1004 727 1037 sunt
758 999 869 1037 nobis
901 1000 1072 1049 pectoris
1105 1011 1210 1037 arma
1242 1000 1323 1051 tui,

302 1056 454 1095 Rursus
487 1069 594 1095 amor
626 1059 773 1107 patriae
806 1059 957 1096 ratione
990 1057 1178 1096 valentior
1204 1059 1310 1096 omni

239 1123 283 1154 30
362 1115 473 1160 Quod
505 1120 571 1154 tua
604 1116 783 1154 fecerunt
814 1118 988 1167 scripta,
1020 1117 1162 1154 retexit
1193 1128 1315 1167 opus.

303 1173 391 1212 Sive
423 1175 531 1224 pium
562 1175 619 1212 vis
652 1174 725 1212 hoc
744 1205 754 1225 ,
787 1175 866 1212 sive
898 1174 972 1212 hoc
1003 1173 1195 1212 muliebre
1226 1175 1379 1226 vocari,

361 1232 558 1270 Confiteor
589 1233 734 1270 misero
766 1232 881 1270 molle
914 1245 981 1271 cor
1013 1244 1099 1271 esse
1131 1232 1250 1271 mihi.

301 1289 387 1328 Non
419 1289 535 1328 dubia
568 1296 628 1329 est
658 1290 780 1329 Ithaci
811 1291 1049 1341 prudentia:
1082 1291 1149 1329 sed
1181 1297 1312 1330 tamen
1343 1295 1451 1343 optat

360 1348 527 1387 Fumum
560 1349 607 1387 de
638 1350 775 1399 patriis
807 1361 923 1399 posse
956 1349 1086 1387 videre
1118 1349 1237 1388 focis.

238 1415 281 1445 35
302 1406 441 1445 Nescio
474 1419 548 1457 qua
582 1407 707 1445 natale
740 1407 864 1445 solum
897 1407 1102 1446 dulcedine
1134 1412 1297 1446 cunctos

360 1465 503 1517 Ducit,
537 1471 575 1504 et
605 1467 842 1504 inmemores
874 1478 952 1504 non
985 1467 1078 1504 sinit
1110 1477 1196 1504 esse
1229 1467 1312 1505 sui.

302 1523 402 1569 Quid
435 1523 575 1562 melius
608 1524 728 1562 Roma
748 1522 769 1562 ‘?
820 1524 1000 1575 Scythico
1033 1525 1304 1577 quidrsrigore
1335 1522 1482 1575 peius?

360 1581 445 1621 Huc
477 1587 607 1621 tamen
640 1595 687 1621 ex
718 1582 782 1620 illa
813 1582 1003 1621 barbarus
1035 1582 1132 1621 urbe
1164 1582 1285 1633 fugit.

302 1639 397 1679 Cum
430 1640 529 1679 bene
562 1642 613 1679 sit
644 1640 796 1679 clausae
828 1653 942 1680 cavea
974 1641 1170 1680 Pandione
1201 1646 1336 1693 natae,
1463 1649 1519 1682 (1³)

237 1705 282 1737 40
360 1698 509 1736 Nititur
540 1700 580 1737 in
613 1699 727 1737 silvas
758 1699 822 1737 illa
854 1699 983 1738 redire
1016 1711 1126 1739 suas.

300 1755 494 1795 Adsuetos
526 1758 629 1795 tauri
661 1757 781 1795 saltus
800 1788 810 1808 ,
843 1757 1003 1795 adsueta
1034 1756 1166 1796 leones
1192 1778 1236 1784 —

358 1814 439 1852 Nec
471 1814 605 1853 feritas
636 1814 722 1853 illos
753 1815 917 1865 impedit
948 1837 990 1842 —
1023 1822 1133 1854 antra
1164 1820 1326 1866 petunt.

301 1872 360 1911 Tu
392 1878 521 1911 tamen
554 1872 659 1911 exilii
691 1885 844 1911 morsus
877 1885 897 1911 e
928 1878 1088 1924 pectore
1120 1879 1256 1912 nostro

359 1930 388 1969 F
392 1932 559 1970 omentis
591 1943 725 1983 speras
757 1931 897 1970 cedere
928 1944 1043 1983 posse
1075 1933 1177 1971 tuis,

236 1996 280 2028 45
302 1988 421 2028 Effice
440 2020 452 2040 ‚
484 2002 551 2028 vos
583 1991 659 2041 ipsi
690 2002 738 2028 ne
770 1996 847 2028 tam
878 1990 975 2028 mihi
1007 1992 1092 2029 sitis
1124 1991 1299 2042 amandi,

359 2047 518 2087 Talibus
550 2053 594 2087 ut
625 2048 748 2087 levius
781 2049 832 2087 sit
863 2050 1035 2088 caruisse
1067 2049 1236 2088 malum.

300 2106 350 2145 At
368 2136 379 2156 ,
410 2112 505 2158 puto
524 2138 535 2159 ,
568 2118 644 2158 qua
676 2107 824 2146 fueram
856 2108 1011 2157 genitus
1030 2139 1041 2159 ‚
1072 2107 1213 2146 tellure
1245 2107 1394 2146 carenti

358 2163 400 2203 In
434 2170 563 2203 tamen
595 2165 764 2204 humano
797 2166 960 2216 contigit
991 2177 1077 2204 esse
1109 2165 1217 2205 1000.

301 2221 417 2260 Orbis
449 2224 487 2261 in
522 2225 686 2262 extremi
716 2225 822 2262 iaceo
855 2224 1034 2263 desertus
1065 2223 1246 2275 harenis,

237 2286 281 2319 50
358 2279 452 2319 Fert
483 2280 551 2320 ubi
583 2288 792 2333 perpetuas
824 2282 963 2321 obruta
994 2288 1100 2320 terra
1131 2283 1263 2321 nives.

299 2336 384 2377 Non
416 2350 507 2390 ager
538 2339 601 2379 hic
633 2352 820 2392 pomum,
852 2352 929 2380 non
962 2339 1096 2379 dulces
1128 2340 1268 2380 educat
1298 2338 1462 2391 herbas,
