<?xml version="1.0" encoding="UTF-8"?>
<!DOCTYPE html PUBLIC "-//W3C//DTD XHTML 1.0 Transitional//EN"
    "http://www.w3.org/TR/xhtml1/DTD/xhtml1-transitional.dtd">
<html xmlns="http://www.w3.org/1999/xhtml" xml:lang="en" lang="en">
 <head>
  <title>
</title>
<meta http-equiv="Content-Type" content="text/html;charset=utf-8" />
  <meta name='ocr-system' content='tesseract 3.04.00' />
  <meta name='ocr-capabilities' content='ocr_page ocr_carea ocr_par ocr_line ocrx_word'/>
</head>
<body>
  <div class='ocr_page' id='page_1' title='image "./ovidopera03oviduoft_0315.png"; bbox 0 0 1570 2527; ppageno 0'>
   <div class='ocr_carea' id='block_1_1' title="bbox 616 105 1417 148">
    <p class='ocr_par' dir='ltr' id='par_1_1' title="bbox 616 105 1417 148">
     <span class='ocr_line' id='line_1_1' title="bbox 616 105 1417 148; baseline 0.005 -4"><span class='ocrx_word' id='word_1_1' title='bbox 616 113 661 145; x_wconf 92' lang='lat'>11.</span> <span class='ocrx_word' id='word_1_2' title='bbox 691 113 884 145; x_wconf 77' lang='lat'>776—843.</span> <span class='ocrx_word' id='word_1_3' title='bbox 1332 105 1417 148; x_wconf 79' lang='lat'>257</span> 
     </span>
    </p>
   </div>
   <div class='ocr_carea' id='block_1_2' title="bbox 113 216 1421 2424">
    <p class='ocr_par' dir='ltr' id='par_1_2' title="bbox 113 216 1421 2424">
     <span class='ocr_line' id='line_1_2' title="bbox 202 216 1329 273; baseline -0.004 -13"><span class='ocrx_word' id='word_1_4' title='bbox 202 221 302 268; x_wconf 88' lang='lat' dir='ltr'>Quid</span> <span class='ocrx_word' id='word_1_5' title='bbox 322 252 333 273; x_wconf 85' lang='lat'><em>,</em></span> <span class='ocrx_word' id='word_1_6' title='bbox 364 221 488 259; x_wconf 87' lang='lat' dir='ltr'>victor</span> <span class='ocrx_word' id='word_1_7' title='bbox 507 250 518 272; x_wconf 86' lang='lat'>,</span> <span class='ocrx_word' id='word_1_8' title='bbox 550 219 695 271; x_wconf 81' lang='lat' dir='ltr'>gaudes</span> <span class='ocrx_word' id='word_1_9' title='bbox 715 217 736 259; x_wconf 69' lang='grc' dir='ltr'>ἱ)</span> <span class='ocrx_word' id='word_1_10' title='bbox 778 218 873 258; x_wconf 88' lang='lat' dir='ltr'>haec</span> <span class='ocrx_word' id='word_1_11' title='bbox 906 224 944 257; x_wconf 90' lang='lat' dir='ltr'>te</span> <span class='ocrx_word' id='word_1_12' title='bbox 976 218 1138 257; x_wconf 84' lang='lat' dir='ltr'>victoria</span> <span class='ocrx_word' id='word_1_13' title='bbox 1168 216 1329 268; x_wconf 86' lang='lat' dir='ltr'>perdet.</span> 
     </span>
     <span class='ocr_line' id='line_1_3' title="bbox 259 274 1177 330; baseline -0.004 -12"><span class='ocrx_word' id='word_1_14' title='bbox 259 279 344 318; x_wconf 91' lang='lat' dir='ltr'>Heu</span> <span class='ocrx_word' id='word_1_15' title='bbox 378 284 522 330; x_wconf 86' lang='lat' dir='ltr'>quanto</span> <span class='ocrx_word' id='word_1_16' title='bbox 555 280 688 329; x_wconf 82' lang='lat' dir='ltr'>regnis</span> <span class='ocrx_word' id='word_1_17' title='bbox 719 289 796 316; x_wconf 85' lang='lat' dir='ltr'>nox</span> <span class='ocrx_word' id='word_1_18' title='bbox 829 278 937 316; x_wconf 90' lang='lat' dir='ltr'>stetit</span> <span class='ocrx_word' id='word_1_19' title='bbox 968 288 1045 315; x_wconf 87' lang='lat' dir='ltr'>una</span> <span class='ocrx_word' id='word_1_20' title='bbox 1077 274 1177 315; x_wconf 83' lang='lat' dir='ltr'>tuis!</span> 
     </span>
     <span class='ocr_line' id='line_1_4' title="bbox 200 332 1354 389; baseline -0.005 -12"><span class='ocrx_word' id='word_1_21' title='bbox 200 338 357 389; x_wconf 90' lang='lat' dir='ltr'>lamque</span> <span class='ocrx_word' id='word_1_22' title='bbox 390 342 474 376; x_wconf 89' lang='lat' dir='ltr'>erat</span> <span class='ocrx_word' id='word_1_23' title='bbox 505 342 591 375; x_wconf 87' lang='lat' dir='ltr'>orta</span> <span class='ocrx_word' id='word_1_24' title='bbox 622 336 733 375; x_wconf 89' lang='lat' dir='ltr'>dies.</span> <span class='ocrx_word' id='word_1_25' title='bbox 790 337 914 387; x_wconf 88' lang='lat' dir='ltr'>passis</span> <span class='ocrx_word' id='word_1_26' title='bbox 947 335 1057 374; x_wconf 89' lang='lat' dir='ltr'>sedet</span> <span class='ocrx_word' id='word_1_27' title='bbox 1087 334 1150 373; x_wconf 90' lang='lat' dir='ltr'>illa</span> <span class='ocrx_word' id='word_1_28' title='bbox 1182 332 1354 385; x_wconf 80' lang='lat' dir='ltr'>capillis,</span> 
     </span>
     <span class='ocr_line' id='line_1_5' title="bbox 264 395 1120 444; baseline -0.005 -9"><span class='ocrx_word' id='word_1_29' title='bbox 264 396 314 435; x_wconf 94' lang='lat' dir='ltr'>Ut</span> <span class='ocrx_word' id='word_1_30' title='bbox 345 396 444 435; x_wconf 90' lang='lat' dir='ltr'>solet</span> <span class='ocrx_word' id='word_1_31' title='bbox 476 395 523 434; x_wconf 86' lang='lat' dir='ltr'>ad</span> <span class='ocrx_word' id='word_1_32' title='bbox 555 397 636 434; x_wconf 89' lang='lat' dir='ltr'>nati</span> <span class='ocrx_word' id='word_1_33' title='bbox 667 401 791 434; x_wconf 88' lang='lat' dir='ltr'>mater</span> <span class='ocrx_word' id='word_1_34' title='bbox 822 396 925 433; x_wconf 92' lang='lat' dir='ltr'>itura</span> <span class='ocrx_word' id='word_1_35' title='bbox 957 405 1120 444; x_wconf 86' lang='lat' dir='ltr'>rogum:</span> 
     </span>
     <span class='ocr_line' id='line_1_6' title="bbox 113 451 1332 506; baseline -0.004 -12"><span class='ocrx_word' id='word_1_36' title='bbox 113 463 180 496; x_wconf 85' lang='lat'>815</span> <span class='ocrx_word' id='word_1_37' title='bbox 202 454 550 506; x_wconf 86' lang='lat' dir='ltr'>Grandaevumque</span> <span class='ocrx_word' id='word_1_38' title='bbox 582 460 732 506; x_wconf 87' lang='lat' dir='ltr'>patrem</span> <span class='ocrx_word' id='word_1_39' title='bbox 765 453 841 491; x_wconf 87' lang='lat' dir='ltr'>fido</span> <span class='ocrx_word' id='word_1_40' title='bbox 874 465 963 491; x_wconf 88' lang='lat' dir='ltr'>cum</span> <span class='ocrx_word' id='word_1_41' title='bbox 996 453 1161 501; x_wconf 84' lang='lat' dir='ltr'>coniuge</span> <span class='ocrx_word' id='word_1_42' title='bbox 1194 451 1332 490; x_wconf 86' lang='lat' dir='ltr'>castris</span> 
     </span>
     <span class='ocr_line' id='line_1_7' title="bbox 260 513 1184 564; baseline -0.004 -12"><span class='ocrx_word' id='word_1_43' title='bbox 260 513 433 552; x_wconf 85' lang='lat' dir='ltr'>Evocat.</span> <span class='ocrx_word' id='word_1_44' title='bbox 491 519 529 552; x_wconf 94' lang='lat' dir='ltr'>et</span> <span class='ocrx_word' id='word_1_45' title='bbox 560 514 686 564; x_wconf 87' lang='lat' dir='ltr'>posita</span> <span class='ocrx_word' id='word_1_46' title='bbox 718 513 824 550; x_wconf 91' lang='lat' dir='ltr'>venit</span> <span class='ocrx_word' id='word_1_47' title='bbox 854 516 1021 562; x_wconf 86' lang='lat' dir='ltr'>uterque</span> <span class='ocrx_word' id='word_1_48' title='bbox 1055 522 1184 549; x_wconf 88' lang='lat' dir='ltr'>mora.</span> 
     </span>
     <span class='ocr_line' id='line_1_8' title="bbox 202 570 1199 624; baseline -0.004 -13"><span class='ocrx_word' id='word_1_49' title='bbox 202 572 330 624; x_wconf 89' lang='lat' dir='ltr'>thue</span> <span class='ocrx_word' id='word_1_50' title='bbox 362 571 493 610; x_wconf 90' lang='lat' dir='ltr'>vident</span> <span class='ocrx_word' id='word_1_51' title='bbox 524 571 730 623; x_wconf 78' lang='lat' dir='ltr'>habitum,</span> <span class='ocrx_word' id='word_1_52' title='bbox 762 582 860 622; x_wconf 88' lang='lat' dir='ltr'>quae</span> <span class='ocrx_word' id='word_1_53' title='bbox 893 570 1022 609; x_wconf 85' lang='lat' dir='ltr'>luctus</span> <span class='ocrx_word' id='word_1_54' title='bbox 1055 580 1169 608; x_wconf 86' lang='lat' dir='ltr'>causa</span> <span class='ocrx_word' id='word_1_55' title='bbox 1189 599 1199 619; x_wconf 83' lang='lat'>,</span> 
     </span>
     <span class='ocr_line' id='line_1_9' title="bbox 1132 627 1362 678; baseline -0.009 -13"><span class='ocrx_word' id='word_1_56' title='bbox 1132 627 1362 678; x_wconf 85' lang='lat' dir='ltr'>requirunt,</span> 
     </span>
     <span class='ocr_line' id='line_1_10' title="bbox 262 682 1239 740; baseline -0.005 -12"><span class='ocrx_word' id='word_1_57' title='bbox 262 688 333 728; x_wconf 89' lang='lat' dir='ltr'>Cui</span> <span class='ocrx_word' id='word_1_58' title='bbox 364 694 475 740; x_wconf 89' lang='lat' dir='ltr'>paret</span> <span class='ocrx_word' id='word_1_59' title='bbox 507 690 719 740; x_wconf 76' lang='lat' dir='ltr'>exequias,</span> <span class='ocrx_word' id='word_1_60' title='bbox 752 699 877 738; x_wconf 91' lang='lat' dir='ltr'>quove</span> <span class='ocrx_word' id='word_1_61' title='bbox 909 688 960 725; x_wconf 90' lang='lat' dir='ltr'>sit</span> <span class='ocrx_word' id='word_1_62' title='bbox 990 687 1068 725; x_wconf 87' lang='lat' dir='ltr'>icta</span> <span class='ocrx_word' id='word_1_63' title='bbox 1099 685 1198 724; x_wconf 86' lang='lat' dir='ltr'>malo</span> <span class='ocrx_word' id='word_1_64' title='bbox 1218 682 1239 724; x_wconf 66' lang='lat'>‘2³</span> 
     </span>
     <span class='ocr_line' id='line_1_11' title="bbox 203 744 1216 798; baseline -0.004 -12"><span class='ocrx_word' id='word_1_65' title='bbox 203 747 270 786; x_wconf 87' lang='lat' dir='ltr'>Illa</span> <span class='ocrx_word' id='word_1_66' title='bbox 303 747 369 786; x_wconf 88' lang='lat' dir='ltr'>diu</span> <span class='ocrx_word' id='word_1_67' title='bbox 402 749 571 798; x_wconf 80' lang='lat' dir='ltr'>reticet,</span> <span class='ocrx_word' id='word_1_68' title='bbox 602 746 908 798; x_wconf 87' lang='lat' dir='ltr'>pudibundaque</span> <span class='ocrx_word' id='word_1_69' title='bbox 941 744 1040 783; x_wconf 90' lang='lat' dir='ltr'>celat</span> <span class='ocrx_word' id='word_1_70' title='bbox 1072 745 1216 782; x_wconf 88' lang='lat' dir='ltr'>amictu</span> 
     </span>
     <span class='ocr_line' id='line_1_12' title="bbox 115 804 1286 854; baseline -0.004 -9"><span class='ocrx_word' id='word_1_71' title='bbox 115 814 183 845; x_wconf 78' lang='lat'>820</span> <span class='ocrx_word' id='word_1_72' title='bbox 262 805 368 844; x_wconf 87' lang='lat' dir='ltr'>Ora:</span> <span class='ocrx_word' id='word_1_73' title='bbox 412 806 540 844; x_wconf 91' lang='lat' dir='ltr'>ssuunt</span> <span class='ocrx_word' id='word_1_74' title='bbox 570 805 751 844; x_wconf 78' lang='lat' dir='ltr'>lacrimae</span> <span class='ocrx_word' id='word_1_75' title='bbox 783 816 892 842; x_wconf 86' lang='lat' dir='ltr'>more</span> <span class='ocrx_word' id='word_1_76' title='bbox 925 804 1109 854; x_wconf 87' lang='lat' dir='ltr'>perennis</span> <span class='ocrx_word' id='word_1_77' title='bbox 1142 813 1286 852; x_wconf 89' lang='lat' dir='ltr'>aquae.</span> 
     </span>
     <span class='ocr_line' id='line_1_13' title="bbox 203 860 1319 915; baseline -0.004 -12"><span class='ocrx_word' id='word_1_78' title='bbox 203 863 302 903; x_wconf 89' lang='lat' dir='ltr'>Hinc</span> <span class='ocrx_word' id='word_1_79' title='bbox 333 870 445 915; x_wconf 80' lang='lat' dir='ltr'>pater</span> <span class='ocrx_word' id='word_1_80' title='bbox 464 895 474 915; x_wconf 91' lang='lat'>‚</span> <span class='ocrx_word' id='word_1_81' title='bbox 505 863 597 902; x_wconf 89' lang='lat' dir='ltr'>hinc</span> <span class='ocrx_word' id='word_1_82' title='bbox 629 864 799 902; x_wconf 86' lang='lat' dir='ltr'>coniunx</span> <span class='ocrx_word' id='word_1_83' title='bbox 832 861 1011 900; x_wconf 79' lang='lat' dir='ltr'>lacrimas</span> <span class='ocrx_word' id='word_1_84' title='bbox 1043 860 1248 912; x_wconf 78' lang='lat' dir='ltr'>solantur,</span> <span class='ocrx_word' id='word_1_85' title='bbox 1280 865 1319 898; x_wconf 88' lang='lat' dir='ltr'>et</span> 
     </span>
     <span class='ocr_line' id='line_1_14' title="bbox 1231 923 1366 969; baseline 0 -13"><span class='ocrx_word' id='word_1_86' title='bbox 1231 923 1366 969; x_wconf 87' lang='lat' dir='ltr'>orant,</span> 
     </span>
     <span class='ocr_line' id='line_1_15' title="bbox 261 979 1275 1032; baseline -0.003 -13"><span class='ocrx_word' id='word_1_87' title='bbox 261 980 438 1032; x_wconf 85' lang='lat' dir='ltr'>Indicet,</span> <span class='ocrx_word' id='word_1_88' title='bbox 471 985 511 1019; x_wconf 85' lang='lat' dir='ltr'>et</span> <span class='ocrx_word' id='word_1_89' title='bbox 542 992 657 1019; x_wconf 88' lang='lat' dir='ltr'>caeco</span> <span class='ocrx_word' id='word_1_90' title='bbox 689 979 862 1030; x_wconf 88' lang='lat' dir='ltr'>flentque</span> <span class='ocrx_word' id='word_1_91' title='bbox 894 984 1113 1030; x_wconf 79' lang='lat' dir='ltr'>paventque</span> <span class='ocrx_word' id='word_1_92' title='bbox 1145 983 1275 1016; x_wconf 88' lang='lat' dir='ltr'>metu.</span> 
     </span>
     <span class='ocr_line' id='line_1_16' title="bbox 203 1038 1295 1090; baseline -0.005 -12"><span class='ocrx_word' id='word_1_93' title='bbox 203 1039 281 1078; x_wconf 85' lang='lat' dir='ltr'>Ter</span> <span class='ocrx_word' id='word_1_94' title='bbox 313 1045 449 1078; x_wconf 86' lang='lat' dir='ltr'>conata</span> <span class='ocrx_word' id='word_1_95' title='bbox 480 1038 587 1090; x_wconf 88' lang='lat' dir='ltr'>loqui</span> <span class='ocrx_word' id='word_1_96' title='bbox 619 1045 677 1077; x_wconf 89' lang='lat' dir='ltr'>ter</span> <span class='ocrx_word' id='word_1_97' title='bbox 711 1038 889 1077; x_wconf 85' lang='lat' dir='ltr'>destitit:</span> <span class='ocrx_word' id='word_1_98' title='bbox 931 1049 1103 1088; x_wconf 85' lang='lat' dir='ltr'>ausaque</span> <span class='ocrx_word' id='word_1_99' title='bbox 1136 1040 1295 1087; x_wconf 84' lang='lat' dir='ltr'>quarto,</span> 
     </span>
     <span class='ocr_line' id='line_1_17' title="bbox 263 1095 1064 1136; baseline -0.002 0"><span class='ocrx_word' id='word_1_100' title='bbox 263 1097 350 1136; x_wconf 88' lang='lat' dir='ltr'>Non</span> <span class='ocrx_word' id='word_1_101' title='bbox 382 1097 516 1136; x_wconf 90' lang='lat' dir='ltr'>oculos</span> <span class='ocrx_word' id='word_1_102' title='bbox 548 1097 634 1135; x_wconf 92' lang='lat' dir='ltr'>ideo</span> <span class='ocrx_word' id='word_1_103' title='bbox 668 1096 827 1136; x_wconf 79' lang='lat' dir='ltr'>sustulit</span> <span class='ocrx_word' id='word_1_104' title='bbox 857 1095 919 1134; x_wconf 86' lang='lat' dir='ltr'>illa</span> <span class='ocrx_word' id='word_1_105' title='bbox 953 1107 1064 1135; x_wconf 89' lang='lat' dir='ltr'>suos.</span> 
     </span>
     <span class='ocr_line' id='line_1_18' title="bbox 117 1148 1295 1207; baseline -0.003 -12"><span class='ocrx_word' id='word_1_106' title='bbox 117 1165 184 1196; x_wconf 79' lang='lat'>825</span> <span class='ocrx_word' id='word_1_107' title='bbox 206 1153 310 1195; x_wconf 71' lang='lat' dir='ltr'>‘Hoc</span> <span class='ocrx_word' id='word_1_108' title='bbox 343 1167 499 1207; x_wconf 89' lang='lat' dir='ltr'>quoque</span> <span class='ocrx_word' id='word_1_109' title='bbox 530 1154 743 1206; x_wconf 84' lang='lat' dir='ltr'>Tarquinio</span> <span class='ocrx_word' id='word_1_110' title='bbox 777 1153 1006 1194; x_wconf 87' lang='lat' dir='ltr'>debebimus</span> <span class='ocrx_word' id='word_1_111' title='bbox 1026 1152 1047 1193; x_wconf 76' lang='lat' dir='ltr'>P</span> <span class='ocrx_word' id='word_1_112' title='bbox 1085 1153 1246 1204; x_wconf 87' lang='lat' dir='ltr'>eloquar</span> <span class='ocrx_word' id='word_1_113' title='bbox 1265 1148 1295 1204; x_wconf 82' lang='lat'>‚⁹</span> 
     </span>
     <span class='ocr_line' id='line_1_19' title="bbox 1214 1211 1365 1262; baseline -0.007 -13"><span class='ocrx_word' id='word_1_114' title='bbox 1214 1211 1365 1262; x_wconf 78' lang='lat' dir='ltr'>inquit,</span> 
     </span>
     <span class='ocr_line' id='line_1_20' title="bbox 265 1265 1156 1324; baseline -0.004 -13"><span class='ocrx_word' id='word_1_115' title='bbox 265 1269 456 1324; x_wconf 70' lang='lat' dir='ltr'>‘Eloquar</span> <span class='ocrx_word' id='word_1_116' title='bbox 487 1272 621 1311; x_wconf 82' lang='lat' dir='ltr'>infelix</span> <span class='ocrx_word' id='word_1_117' title='bbox 654 1271 824 1311; x_wconf 87' lang='lat' dir='ltr'>dedecus</span> <span class='ocrx_word' id='word_1_118' title='bbox 856 1272 939 1322; x_wconf 89' lang='lat' dir='ltr'>ipsa</span> <span class='ocrx_word' id='word_1_119' title='bbox 972 1281 1101 1308; x_wconf 90' lang='lat' dir='ltr'>meum</span> <span class='ocrx_word' id='word_1_120' title='bbox 1115 1265 1156 1308; x_wconf 83' lang='lat'>‘?’</span> 
     </span>
     <span class='ocr_line' id='line_1_21' title="bbox 207 1326 1395 1384; baseline -0.004 -14"><span class='ocrx_word' id='word_1_121' title='bbox 207 1331 392 1382; x_wconf 85' lang='lat' dir='ltr'>Quaeque</span> <span class='ocrx_word' id='word_1_122' title='bbox 425 1336 583 1384; x_wconf 86' lang='lat' dir='ltr'>potest,</span> <span class='ocrx_word' id='word_1_123' title='bbox 615 1336 776 1369; x_wconf 87' lang='lat' dir='ltr'>narrat.</span> <span class='ocrx_word' id='word_1_124' title='bbox 832 1328 1033 1368; x_wconf 84' lang='lat' dir='ltr'>restabant</span> <span class='ocrx_word' id='word_1_125' title='bbox 1063 1328 1221 1367; x_wconf 87' lang='lat' dir='ltr'>ultima:</span> <span class='ocrx_word' id='word_1_126' title='bbox 1265 1326 1395 1378; x_wconf 81' lang='lat' dir='ltr'>flevit,</span> 
     </span>
     <span class='ocr_line' id='line_1_22' title="bbox 263 1388 985 1438; baseline -0.003 -10"><span class='ocrx_word' id='word_1_127' title='bbox 263 1390 313 1428; x_wconf 90' lang='lat' dir='ltr'>Et</span> <span class='ocrx_word' id='word_1_128' title='bbox 346 1389 579 1429; x_wconf 82' lang='lat' dir='ltr'>matronales</span> <span class='ocrx_word' id='word_1_129' title='bbox 613 1388 808 1428; x_wconf 83' lang='lat' dir='ltr'>erubuere</span> <span class='ocrx_word' id='word_1_130' title='bbox 841 1400 985 1438; x_wconf 85' lang='lat' dir='ltr'>genae.</span> 
     </span>
     <span class='ocr_line' id='line_1_23' title="bbox 206 1448 1298 1498; baseline -0.005 -11"><span class='ocrx_word' id='word_1_131' title='bbox 206 1448 306 1487; x_wconf 88' lang='lat' dir='ltr'>Dant</span> <span class='ocrx_word' id='word_1_132' title='bbox 337 1450 488 1487; x_wconf 88' lang='lat' dir='ltr'>veniam</span> <span class='ocrx_word' id='word_1_133' title='bbox 520 1449 621 1487; x_wconf 87' lang='lat' dir='ltr'>sacto</span> <span class='ocrx_word' id='word_1_134' title='bbox 653 1449 806 1498; x_wconf 87' lang='lat' dir='ltr'>genitor</span> <span class='ocrx_word' id='word_1_135' title='bbox 839 1448 1088 1496; x_wconf 88' lang='lat' dir='ltr'>coniunxque</span> <span class='ocrx_word' id='word_1_136' title='bbox 1119 1450 1298 1484; x_wconf 86' lang='lat' dir='ltr'>coactae:</span> 
     </span>
     <span class='ocr_line' id='line_1_24' title="bbox 119 1500 1315 1556; baseline -0.005 -9"><span class='ocrx_word' id='word_1_137' title='bbox 119 1515 186 1547; x_wconf 88' lang='lat'>830</span> <span class='ocrx_word' id='word_1_138' title='bbox 267 1504 432 1552; x_wconf 72' lang='lat' dir='ltr'>&lt;Quam’</span> <span class='ocrx_word' id='word_1_139' title='bbox 465 1507 562 1546; x_wconf 84' lang='lat' dir='ltr'>dixit</span> <span class='ocrx_word' id='word_1_140' title='bbox 593 1504 765 1545; x_wconf 66' lang='lat' dir='ltr'>‘veniam</span> <span class='ocrx_word' id='word_1_141' title='bbox 798 1518 865 1544; x_wconf 91' lang='lat' dir='ltr'>vos</span> <span class='ocrx_word' id='word_1_142' title='bbox 898 1505 1025 1556; x_wconf 84' lang='lat' dir='ltr'>datis,</span> <span class='ocrx_word' id='word_1_143' title='bbox 1057 1506 1140 1555; x_wconf 89' lang='lat' dir='ltr'>ipsa</span> <span class='ocrx_word' id='word_1_144' title='bbox 1172 1500 1315 1555; x_wconf 84' lang='lat' dir='ltr'>neg0.’</span> 
     </span>
     <span class='ocr_line' id='line_1_25' title="bbox 207 1563 1178 1618; baseline -0.003 -14"><span class='ocrx_word' id='word_1_145' title='bbox 207 1565 288 1605; x_wconf 88' lang='lat' dir='ltr'>Nec</span> <span class='ocrx_word' id='word_1_146' title='bbox 320 1577 457 1618; x_wconf 83' lang='lat' dir='ltr'>mora,</span> <span class='ocrx_word' id='word_1_147' title='bbox 490 1565 611 1604; x_wconf 87' lang='lat' dir='ltr'>celato</span> <span class='ocrx_word' id='word_1_148' title='bbox 644 1565 727 1603; x_wconf 81' lang='lat' dir='ltr'>fixit</span> <span class='ocrx_word' id='word_1_149' title='bbox 759 1576 827 1603; x_wconf 91' lang='lat' dir='ltr'>sua</span> <span class='ocrx_word' id='word_1_150' title='bbox 858 1569 1018 1615; x_wconf 88' lang='lat' dir='ltr'>pectora</span> <span class='ocrx_word' id='word_1_151' title='bbox 1050 1563 1178 1614; x_wconf 78' lang='lat' dir='ltr'>ferm,</span> 
     </span>
     <span class='ocr_line' id='line_1_26' title="bbox 266 1620 1204 1675; baseline -0.004 -12"><span class='ocrx_word' id='word_1_152' title='bbox 266 1623 315 1663; x_wconf 91' lang='lat' dir='ltr'>Et</span> <span class='ocrx_word' id='word_1_153' title='bbox 348 1624 450 1663; x_wconf 89' lang='lat' dir='ltr'>cadit</span> <span class='ocrx_word' id='word_1_154' title='bbox 480 1625 520 1662; x_wconf 89' lang='lat' dir='ltr'>in</span> <span class='ocrx_word' id='word_1_155' title='bbox 552 1625 698 1675; x_wconf 90' lang='lat' dir='ltr'>patrios</span> <span class='ocrx_word' id='word_1_156' title='bbox 731 1621 1029 1674; x_wconf 84' lang='lat' dir='ltr'>sanguinulenta</span> <span class='ocrx_word' id='word_1_157' title='bbox 1061 1620 1204 1673; x_wconf 82' lang='lat' dir='ltr'>pedes,</span> 
     </span>
     <span class='ocr_line' id='line_1_27' title="bbox 207 1677 1331 1734; baseline -0.004 -12"><span class='ocrx_word' id='word_1_158' title='bbox 207 1682 317 1722; x_wconf 88' lang='lat' dir='ltr'>Tunc</span> <span class='ocrx_word' id='word_1_159' title='bbox 350 1694 506 1734; x_wconf 88' lang='lat' dir='ltr'>quoque</span> <span class='ocrx_word' id='word_1_160' title='bbox 526 1715 536 1734; x_wconf 90' lang='lat'><em>‚</em></span> <span class='ocrx_word' id='word_1_161' title='bbox 567 1684 642 1721; x_wconf 88' lang='lat' dir='ltr'>iam</span> <span class='ocrx_word' id='word_1_162' title='bbox 675 1683 847 1720; x_wconf 90' lang='lat' dir='ltr'>moriens</span> <span class='ocrx_word' id='word_1_163' title='bbox 866 1713 877 1733; x_wconf 87' lang='lat'><strong><em>‚</em></strong></span> <span class='ocrx_word' id='word_1_164' title='bbox 908 1693 957 1720; x_wconf 92' lang='lat' dir='ltr'>ne</span> <span class='ocrx_word' id='word_1_165' title='bbox 989 1692 1067 1719; x_wconf 90' lang='lat' dir='ltr'>non</span> <span class='ocrx_word' id='word_1_166' title='bbox 1099 1677 1331 1731; x_wconf 83' lang='lat' dir='ltr'>procumbat</span> 
     </span>
     <span class='ocr_line' id='line_1_28' title="bbox 934 1739 1121 1789; baseline 0 -12"><span class='ocrx_word' id='word_1_167' title='bbox 934 1739 1121 1789; x_wconf 81' lang='lat' dir='ltr'>honeste,</span> 
     </span>
     <span class='ocr_line' id='line_1_29' title="bbox 266 1797 1241 1851; baseline -0.004 -13"><span class='ocrx_word' id='word_1_168' title='bbox 266 1799 468 1851; x_wconf 86' lang='lat' dir='ltr'>Respicit.</span> <span class='ocrx_word' id='word_1_169' title='bbox 524 1798 620 1838; x_wconf 87' lang='lat' dir='ltr'>haec</span> <span class='ocrx_word' id='word_1_170' title='bbox 653 1799 768 1838; x_wconf 88' lang='lat' dir='ltr'>etiam</span> <span class='ocrx_word' id='word_1_171' title='bbox 801 1810 895 1838; x_wconf 91' lang='lat' dir='ltr'>cura</span> <span class='ocrx_word' id='word_1_172' title='bbox 927 1797 1102 1837; x_wconf 88' lang='lat' dir='ltr'>cadentis</span> <span class='ocrx_word' id='word_1_173' title='bbox 1135 1801 1241 1835; x_wconf 89' lang='lat' dir='ltr'>erat.</span> 
     </span>
     <span class='ocr_line' id='line_1_30' title="bbox 119 1856 1343 1910; baseline -0.005 -12"><span class='ocrx_word' id='word_1_174' title='bbox 119 1866 187 1899; x_wconf 86' lang='lat'>835</span> <span class='ocrx_word' id='word_1_175' title='bbox 208 1857 308 1897; x_wconf 87' lang='lat' dir='ltr'>Ecce</span> <span class='ocrx_word' id='word_1_176' title='bbox 342 1870 460 1910; x_wconf 89' lang='lat' dir='ltr'>super</span> <span class='ocrx_word' id='word_1_177' title='bbox 492 1869 635 1909; x_wconf 85' lang='lat' dir='ltr'>corpus</span> <span class='ocrx_word' id='word_1_178' title='bbox 653 1889 664 1909; x_wconf 84' lang='grc'>,</span> <span class='ocrx_word' id='word_1_179' title='bbox 697 1858 916 1896; x_wconf 86' lang='lat' dir='ltr'>communia</span> <span class='ocrx_word' id='word_1_180' title='bbox 949 1856 1087 1895; x_wconf 87' lang='lat' dir='ltr'>damna</span> <span class='ocrx_word' id='word_1_181' title='bbox 1119 1859 1343 1906; x_wconf 80' lang='lat' dir='ltr'>gementeS‚</span> 
     </span>
     <span class='ocr_line' id='line_1_31' title="bbox 267 1916 1172 1967; baseline -0.004 -12"><span class='ocrx_word' id='word_1_182' title='bbox 267 1916 386 1955; x_wconf 90' lang='lat' dir='ltr'>Obliti</span> <span class='ocrx_word' id='word_1_183' title='bbox 418 1917 571 1955; x_wconf 84' lang='lat' dir='ltr'>decoris</span> <span class='ocrx_word' id='word_1_184' title='bbox 590 1948 600 1967; x_wconf 85' lang='lat'><em>,</em></span> <span class='ocrx_word' id='word_1_185' title='bbox 632 1917 768 1967; x_wconf 88' lang='lat' dir='ltr'>virque</span> <span class='ocrx_word' id='word_1_186' title='bbox 801 1921 990 1967; x_wconf 89' lang='lat' dir='ltr'>paterque</span> <span class='ocrx_word' id='word_1_187' title='bbox 1022 1916 1172 1953; x_wconf 87' lang='lat' dir='ltr'>iacent.</span> 
     </span>
     <span class='ocr_line' id='line_1_32' title="bbox 209 1970 1392 2026; baseline -0.004 -13"><span class='ocrx_word' id='word_1_188' title='bbox 209 1974 354 2013; x_wconf 87' lang='lat' dir='ltr'>Brutus</span> <span class='ocrx_word' id='word_1_189' title='bbox 386 1974 524 2026; x_wconf 84' lang='lat' dir='ltr'>adest,</span> <span class='ocrx_word' id='word_1_190' title='bbox 556 1974 789 2025; x_wconf 86' lang='lat' dir='ltr'>tandemque</span> <span class='ocrx_word' id='word_1_191' title='bbox 823 1975 950 2012; x_wconf 87' lang='lat' dir='ltr'>animo</span> <span class='ocrx_word' id='word_1_192' title='bbox 984 1984 1053 2011; x_wconf 87' lang='lat' dir='ltr'>sua</span> <span class='ocrx_word' id='word_1_193' title='bbox 1084 1973 1241 2010; x_wconf 85' lang='lat' dir='ltr'>nomina</span> <span class='ocrx_word' id='word_1_194' title='bbox 1272 1970 1392 2022; x_wconf 85' lang='lat' dir='ltr'>fallit,</span> 
     </span>
     <span class='ocr_line' id='line_1_33' title="bbox 267 2030 1144 2084; baseline -0.003 -13"><span class='ocrx_word' id='word_1_195' title='bbox 267 2033 437 2084; x_wconf 85' lang='lat' dir='ltr'>Fixaque</span> <span class='ocrx_word' id='word_1_196' title='bbox 471 2033 688 2071; x_wconf 89' lang='lat' dir='ltr'>semianimi</span> <span class='ocrx_word' id='word_1_197' title='bbox 718 2044 882 2083; x_wconf 86' lang='lat' dir='ltr'>corpore</span> <span class='ocrx_word' id='word_1_198' title='bbox 915 2030 989 2070; x_wconf 89' lang='lat' dir='ltr'>tela</span> <span class='ocrx_word' id='word_1_199' title='bbox 1020 2031 1144 2081; x_wconf 87' lang='lat' dir='ltr'>rapit,</span> 
     </span>
     <span class='ocr_line' id='line_1_34' title="bbox 211 2087 1326 2142; baseline -0.004 -12"><span class='ocrx_word' id='word_1_200' title='bbox 211 2091 507 2142; x_wconf 85' lang='lat' dir='ltr'>Stillantemque</span> <span class='ocrx_word' id='word_1_201' title='bbox 541 2097 679 2130; x_wconf 88' lang='lat' dir='ltr'>tenens</span> <span class='ocrx_word' id='word_1_202' title='bbox 711 2102 902 2141; x_wconf 83' lang='lat' dir='ltr'>generoso</span> <span class='ocrx_word' id='word_1_203' title='bbox 935 2090 1123 2140; x_wconf 85' lang='lat' dir='ltr'>sanguine</span> <span class='ocrx_word' id='word_1_204' title='bbox 1156 2087 1326 2127; x_wconf 87' lang='lat' dir='ltr'>cultrum</span> 
     </span>
     <span class='ocr_line' id='line_1_35' title="bbox 123 2149 1121 2201; baseline -0.004 -11"><span class='ocrx_word' id='word_1_205' title='bbox 123 2158 190 2190; x_wconf 87' lang='lat'>840</span> <span class='ocrx_word' id='word_1_206' title='bbox 268 2150 400 2189; x_wconf 89' lang='lat' dir='ltr'>Edidit</span> <span class='ocrx_word' id='word_1_207' title='bbox 430 2149 644 2201; x_wconf 87' lang='lat' dir='ltr'>impavidos</span> <span class='ocrx_word' id='word_1_208' title='bbox 677 2161 744 2188; x_wconf 90' lang='lat' dir='ltr'>ore</span> <span class='ocrx_word' id='word_1_209' title='bbox 776 2150 947 2187; x_wconf 85' lang='lat' dir='ltr'>minante</span> <span class='ocrx_word' id='word_1_210' title='bbox 981 2159 1121 2186; x_wconf 89' lang='lat' dir='ltr'>sonos:</span> 
     </span>
     <span class='ocr_line' id='line_1_36' title="bbox 210 2205 1421 2259; baseline -0.003 -12"><span class='ocrx_word' id='word_1_211' title='bbox 210 2205 306 2247; x_wconf 66' lang='lat' dir='ltr'>‘Per</span> <span class='ocrx_word' id='word_1_212' title='bbox 338 2208 408 2247; x_wconf 89' lang='lat' dir='ltr'>tibi</span> <span class='ocrx_word' id='word_1_213' title='bbox 441 2221 511 2259; x_wconf 84' lang='lat' dir='ltr'>ego</span> <span class='ocrx_word' id='word_1_214' title='bbox 537 2208 642 2248; x_wconf 88' lang='lat' dir='ltr'>hunc</span> <span class='ocrx_word' id='word_1_215' title='bbox 673 2209 760 2246; x_wconf 87' lang='lat' dir='ltr'>iuro</span> <span class='ocrx_word' id='word_1_216' title='bbox 793 2207 933 2246; x_wconf 86' lang='lat' dir='ltr'>fortem</span> <span class='ocrx_word' id='word_1_217' title='bbox 960 2211 1190 2256; x_wconf 85' lang='lat' dir='ltr'>castumque</span> <span class='ocrx_word' id='word_1_218' title='bbox 1223 2216 1421 2256; x_wconf 87' lang='lat' dir='ltr'>cruorem,</span> 
     </span>
     <span class='ocr_line' id='line_1_37' title="bbox 267 2265 1314 2318; baseline -0.004 -12"><span class='ocrx_word' id='word_1_219' title='bbox 267 2267 421 2318; x_wconf 87' lang='lat' dir='ltr'>Perque</span> <span class='ocrx_word' id='word_1_220' title='bbox 455 2273 542 2306; x_wconf 91' lang='lat' dir='ltr'>tuos</span> <span class='ocrx_word' id='word_1_221' title='bbox 574 2278 736 2318; x_wconf 88' lang='lat' dir='ltr'>manes,</span> <span class='ocrx_word' id='word_1_222' title='bbox 769 2267 837 2317; x_wconf 85' lang='lat' dir='ltr'>qui</span> <span class='ocrx_word' id='word_1_223' title='bbox 868 2265 962 2305; x_wconf 89' lang='lat' dir='ltr'>mihi</span> <span class='ocrx_word' id='word_1_224' title='bbox 994 2276 1139 2304; x_wconf 89' lang='lat' dir='ltr'>numen</span> <span class='ocrx_word' id='word_1_225' title='bbox 1172 2270 1314 2316; x_wconf 88' lang='lat' dir='ltr'>erunt,</span> 
     </span>
     <span class='ocr_line' id='line_1_38' title="bbox 210 2322 1350 2378; baseline -0.004 -14"><span class='ocrx_word' id='word_1_226' title='bbox 210 2325 465 2377; x_wconf 87' lang='lat' dir='ltr'>Tarquinium</span> <span class='ocrx_word' id='word_1_227' title='bbox 497 2326 661 2378; x_wconf 76' lang='lat' dir='ltr'>profuga</span> <span class='ocrx_word' id='word_1_228' title='bbox 692 2337 837 2376; x_wconf 89' lang='lat' dir='ltr'>poenas</span> <span class='ocrx_word' id='word_1_229' title='bbox 870 2336 958 2364; x_wconf 90' lang='lat' dir='ltr'>cum</span> <span class='ocrx_word' id='word_1_230' title='bbox 991 2325 1112 2375; x_wconf 88' lang='lat' dir='ltr'>stirpe</span> <span class='ocrx_word' id='word_1_231' title='bbox 1145 2322 1350 2362; x_wconf 84' lang='lat' dir='ltr'>daturum.</span> 
     </span>
     <span class='ocr_line' id='line_1_39' title="bbox 165 2392 1216 2424; baseline -0.001 -1"><span class='ocrx_word' id='word_1_232' title='bbox 165 2397 271 2424; x_wconf 79' lang='lat' dir='ltr'>ovn).</span> <span class='ocrx_word' id='word_1_233' title='bbox 303 2398 360 2424; x_wconf 88' lang='lat'>111.</span> <span class='ocrx_word' id='word_1_234' title='bbox 1176 2392 1216 2423; x_wconf 85' lang='lat'>17</span> 
     </span>
    </p>
   </div>
  </div>
 </body>
</html>
