1570 2527
478 134 524 166 II.
551 141 645 166 VIIII
665 135 786 165 64-Χ
808 135 863 166 52.
1259 130 1341 171 163

178 241 383 280 Diversum
415 242 592 292 quamvis
625 242 792 292 quisque
826 253 1038 293 sequamur
1069 242 1168 280 iter:

118 300 296 346 Quorum
335 305 373 339 te
412 311 655 351 memorem,
690 312 924 351 quamquam
957 300 1095 351 procul
1130 299 1341 351 absumus,

849 370 934 397 esse

53 425 97 456 20
179 416 395 468 Suspicor,
430 422 469 455 et
501 429 613 455 casus
647 416 743 455 velle
776 417 903 455 levare
936 429 1067 456 meos.

117 475 171 514 Te
205 476 303 514 duce
336 475 560 526 magnificas
592 475 704 514 Asiae
737 477 1010 527 perspeximus
1042 475 1184 515 urbes:

177 533 375 572 Trinacris
409 539 469 572 est
501 533 624 573 oeulis
657 540 695 572 te
729 534 827 572 duce
861 540 951 572 nota
984 535 1104 572 meis.

120 591 292 630 Vidimus
324 592 494 631 Aetnaea
527 593 678 631 caelum
711 592 984 644 splendescere
1017 593 1192 643 flamma,

179 650 416 701 Subpositus
450 652 573 690 monti
605 663 721 702 quam
753 653 873 690 vomit
905 663 971 690 ore
1005 652 1163 702 gigans:

52 716 96 748 25
117 708 403 761 Hennaeosque
436 710 543 748 lacus
576 716 614 748 et
646 709 788 748 olentis
821 715 955 760 stagna
988 709 1130 760 Palici,

178 767 340 818 Quaque
374 769 455 806 suis
489 768 643 819 Cyanen
678 769 816 806 miscet
847 768 1006 819 Anapus
1040 769 1174 818 aquis.

117 825 197 865 Nec
235 826 373 877 procul
405 827 497 865 hinc
530 826 698 878 nympha
731 831 820 878 est,
859 839 986 878 quae,
1026 826 1118 864 dum
1154 826 1253 876 sugit

847 884 969 923 Elidis
1002 896 1178 936 amnem,

176 943 296 982 Tecta
329 938 400 982 sub
434 955 627 994 aequorea
659 955 764 982 nunc
797 955 953 994 quoque
987 944 1112 981 currit
1143 954 1263 993 aqua.

116 999 189 1040 Hic
220 1002 316 1040 mihi
347 1001 513 1040 labentis
545 1014 636 1053 pars
670 1004 760 1040 anni
792 1014 929 1053 magna
962 1006 1120 1053 peracta
1152 1007 1234 1039 est.

53 1069 97 1100 30
176 1059 311 1100 Eheu!
351 1073 466 1111 quam
499 1060 631 1112 dispar
663 1066 723 1099 est
754 1060 864 1099 locus
896 1060 960 1099 ille
994 1059 1129 1098 Getis!

116 1118 166 1157 Et
198 1125 315 1170 quota
342 1131 432 1169 pars
459 1119 555 1158 haec
581 1124 674 1158 sunt
699 1131 831 1158 rerum
852 1151 862 1171 ,
890 1131 987 1170 quas
1013 1118 1181 1157 vidimus
1208 1117 1342 1171 ambo,

177 1177 232 1216 Te
265 1177 360 1216 mihi
391 1178 582 1216 iucundas
615 1178 810 1216 efficiente
842 1178 946 1216 vias!

119 1236 198 1275 Seu
230 1241 313 1275 rate
346 1237 545 1275 caeruleas
578 1238 681 1287 picta
713 1236 949 1275 sulcavimus
981 1236 1129 1289 undas,

176 1293 323 1333 Esseda
356 1307 427 1334 nos
460 1295 549 1346 agili
581 1296 660 1333 sive
694 1294 820 1334 tulere
852 1300 961 1334 rota:

53 1361 96 1393 35
118 1353 242 1404 Saepe
275 1353 406 1392 brevis
438 1353 551 1392 nobis
584 1353 735 1392 vicibus
767 1355 827 1391 via
859 1355 940 1392 visa
972 1353 1181 1404 loquendi:

175 1411 370 1463 Pluraque
390 1444 400 1464 ‚
433 1413 467 1451 si
499 1424 683 1451 numeres
702 1443 713 1463 7
746 1412 863 1450 verba
895 1413 1005 1451 suere
1038 1411 1185 1462 gradu.

119 1470 242 1521 Saepe
275 1471 358 1509 dies
391 1483 572 1509 sermone
605 1473 733 1509 minor
765 1471 863 1522 fuit3
895 1472 1013 1521 inque
1046 1470 1285 1521 loquendum

177 1528 302 1567 Tarda
335 1541 406 1580 per
437 1531 605 1567 aestivos
637 1529 761 1567 defuit
793 1528 888 1566 hora
921 1529 1027 1567 dies.

117 1587 189 1627 Est
220 1588 395 1639 aliquid,
428 1600 541 1626 casus
574 1589 721 1638 pariter
754 1588 932 1626 timuisse
964 1588 1163 1640 marinos,
1285 1595 1341 1629 (⁷0)

55 1654 100 1685 40
180 1646 395 1697 Iunctaque
429 1646 475 1684 ad
508 1658 724 1697 aequoreos
756 1652 843 1684 vota
878 1646 1012 1685 tulisse
1045 1646 1161 1685 deos:

116 1704 166 1744 Et
197 1705 312 1743 modo
345 1717 409 1743 res
442 1707 568 1756 egisse
601 1704 745 1756 simul,
778 1704 891 1743 modo
924 1716 1064 1743 rursus
1096 1704 1143 1743 ab
1175 1703 1252 1743 illis

177 1763 354 1810 Quorum
386 1775 464 1802 non
496 1763 670 1815 pudeat,
702 1775 817 1814 posse
849 1763 999 1801 referre
1032 1764 1162 1802 iocos.

116 1822 221 1861 Haec
253 1821 325 1861 tibi
357 1835 447 1861 cnm
480 1822 675 1873 subeant,
707 1821 831 1860 absim
863 1821 980 1873 licet,
1013 1821 1196 1861 omnibus
1228 1824 1341 1862 annis

176 1881 274 1920 Ante
307 1886 396 1920 tuos
429 1880 563 1920 oculos
583 1912 593 1932 ‚
625 1886 670 1919 ut
701 1880 815 1919 modo
849 1882 985 1932 visus,
1018 1893 1109 1920 erc.

52 1948 96 1980 45
117 1940 203 1992 Ipse
237 1940 419 1990 equidem
452 1945 558 1978 certe
591 1951 681 1978 cum
713 1940 786 1977 sim
819 1938 892 1978 sub
925 1939 1082 1978 cardine
1116 1939 1274 1992 mundi,

178 1998 253 2044 Qui
287 2010 441 2049 semper
473 1998 630 2049 liquidis
663 1997 777 2036 altior
811 2003 915 2036 extat
947 1999 1082 2049 aquis,

118 2057 173 2096 Te
206 2063 336 2095 tamen
368 2059 524 2095 intueor
557 2069 633 2108 quo
667 2056 748 2094 solo
780 2061 939 2106 pectore
972 2067 1155 2107 possum⁷

177 2115 227 2154 Et
258 2121 389 2154 tecum
421 2115 547 2166 gelido
580 2127 694 2166 saepe
729 2113 801 2153 sub
834 2126 902 2152 axe
935 2114 1096 2164 loquor.

117 2174 188 2214 Hic
221 2186 293 2227 eS,
325 2179 363 2213 et
394 2175 579 2225 ignoras3
611 2179 650 2212 et
682 2173 773 2211 ades
806 2172 1085 2211 celeberrimus
1118 2171 1283 2212 absens:

55 2242 98 2274 50
178 2233 300 2284 Inque
333 2233 448 2272 Getas
481 2232 607 2271 media
638 2234 769 2271 iussus
802 2230 849 2269 ab
882 2230 985 2269 Urbe
1018 2232 1149 2270 venis.

118 2291 251 2330 Redde
284 2293 437 2343 vicem,
470 2297 537 2343 et,
571 2292 754 2342 quoniam
786 2290 893 2340 regio
927 2288 1077 2327 felicior
1108 2291 1181 2328 ista
1213 2295 1296 2340 est,

177 2350 268 2388 lstic
300 2361 362 2388 me
395 2351 559 2389 memori
590 2355 749 2401 pectore
782 2359 937 2399 semper
968 2347 1077 2386 habe.

1057 2413 1126 2448 11*
