1570 2527
504 116 565 147 IV.
591 123 685 148 vnn
706 118 804 148 9—x
823 118 879 148 46.
1309 113 1362 155 77

75 231 118 263 10
139 223 215 269 Qui
246 222 373 262 tribus
406 228 495 261 ante
528 228 667 274 quater
698 223 901 262 mensibus
933 229 1044 262 ortus
1076 231 1185 263 erat.

138 281 296 321 Lucifer
327 281 532 320 amborum
563 281 757 320 natalibus
789 283 898 321 affuit
930 282 1057 335 idem3

139 340 224 379 Una
255 340 451 380 celebrata
482 345 543 379 est
573 352 644 391 per
677 339 753 379 duo
786 340 863 379 liba
895 340 1002 380 dies:

139 398 244 438 Haec
276 404 336 438 est
368 399 575 438 armiferae
607 399 718 437 festiS
750 398 798 438 de
831 401 1006 451 quinque
1038 398 1260 453 Minervae,

140 456 247 502 Quae
279 458 366 496 fieri
396 469 526 509 pugna
557 458 683 509 prima
715 464 877 497 eruenta
910 458 1032 497 solet.

78 524 119 555 15
139 515 326 555 Protinus
359 516 576 555 excolimur
608 518 764 568 teneri,
797 529 970 568 curaque
1003 519 1178 568 parentis

140 574 246 613 Imus
280 574 326 614 ad
358 576 532 626 insigues
565 573 681 613 Urbis
715 574 762 613 ab
796 581 878 615 arte
911 577 1038 614 viros.

140 632 279 672 Frater
311 632 358 672 ad
391 633 592 684 eloquium
622 633 737 672 viridi
769 633 957 673 tendebat
989 634 1036 673 ab
1069 646 1189 687 aem,

141 691 273 730 Fortia
304 691 462 730 verbosi
493 697 608 730 natus
640 692 686 730 ad
720 704 826 731 arma
857 693 958 745 fori;

141 751 190 789 At
221 749 315 788 mihi
346 751 423 788 iam
453 762 577 801 puero
611 750 792 789 caelestia
825 763 935 789 sacra
967 751 1200 803 placebant,

76 816 121 848 20
141 808 264 860 Inque
296 820 412 847 suum
443 808 582 847 furtim
613 807 723 847 Musa
755 808 934 848 trahebat
966 821 1064 860 opus
1085 840 1094 848 .

144 867 267 919 Saepe
300 872 411 918 pater
444 866 542 906 dixit
575 864 774 906 ‘Studium
807 867 902 918 quid
933 867 1072 907 inutile
1104 866 1308 920 temptas?

142 925 366 964 Maeonides
398 925 524 964 nullas
554 927 640 977 ipse
673 925 832 977 reliquit
865 923 986 977 opes?

142 984 272 1023 Motus
304 996 411 1023 eram
443 983 557 1023 dictis
576 1015 587 1036 ‚
618 990 782 1036 totoque
814 984 1002 1024 Helicone
1034 984 1171 1024 relicto

145 1042 327 1082 Scribere
360 1042 598 1094 temptabam
629 1043 746 1082 verba
779 1042 906 1082 soluta
938 1043 1086 1083 modis.

79 1109 123 1142 25
146 1101 294 1153 Sponte
326 1113 397 1141 sua
428 1114 587 1141 carmen
618 1114 805 1141 numeros
837 1102 1018 1142 veniebat
1049 1102 1096 1141 ad
1129 1108 1263 1155 aptos,

143 1159 194 1199 Et
226 1160 330 1212 quod
361 1160 599 1212 temptabam
631 1160 805 1200 scribere
825 1192 835 1212 ,
867 1173 1005 1200 versus
1038 1167 1144 1200 erat.

146 1219 302 1258 Interea
333 1220 451 1258 tacito
484 1231 604 1270 passu
635 1219 858 1258 labentibus
892 1222 1003 1259 annis

143 1277 324 1316 Liberior
355 1278 468 1316 fratri
500 1284 654 1330 sumpta
685 1278 859 1330 mihique
890 1284 981 1330 toga
1013 1284 1098 1330 est,

144 1336 406 1388 induiturque
438 1338 587 1376 umeris
619 1349 708 1376 cum
740 1337 817 1376 lato
849 1349 1026 1389 purpura
1057 1337 1186 1389 clavo,

83 1404 128 1436 30
147 1395 197 1434 Et
228 1395 403 1434 studium
435 1395 548 1434 nobis
568 1427 579 1447 ‚
611 1395 716 1447 quod
747 1396 822 1434 fuit
854 1402 971 1447 ante,
1004 1401 1158 1434 manet.

146 1454 305 1505 Iamque
337 1453 472 1492 decem
505 1455 605 1493 vitae
638 1455 760 1492 frater
792 1456 1056 1505 geminaverat
1087 1466 1234 1506 annos,

149 1513 247 1551 Cum
279 1513 411 1564 perit,
444 1518 483 1551 et
515 1514 627 1563 coepi
657 1518 768 1564 parte
802 1524 936 1551 carere
969 1514 1069 1553 mei.

148 1571 332 1622 Cepimus
365 1576 404 1609 et
435 1576 595 1610 tenerae
626 1573 775 1622 primos
807 1573 944 1610 aetatis
975 1571 1170 1623 honores,

147 1629 258 1681 Eque
290 1631 384 1668 viris
417 1629 611 1680 quondam
643 1642 734 1681 pars
766 1629 895 1669 tribus
928 1642 1005 1686 una
1038 1630 1116 1669 fui.

84 1697 128 1728 35
150 1688 267 1728 Curia
298 1687 498 1727 restabat.
549 1688 646 1727 clavi
678 1700 863 1728 mensura
895 1694 1028 1728 coacta
1060 1695 1143 1728 est:

148 1747 272 1786 Maius
304 1753 389 1786 erat
420 1748 567 1786 nostris
599 1746 748 1787 viribus
781 1747 876 1787 illud
909 1760 1032 1786 onus.

147 1805 228 1845 Nec
259 1807 412 1857 patiens
445 1818 617 1858 corpus,
649 1818 723 1845 nec
755 1818 866 1845 mens
899 1807 973 1845 fuit
1004 1812 1093 1858 apta
1124 1805 1272 1858 labori,

151 1865 425 1916 Sollicitaeque
458 1865 575 1916 fugax
606 1864 829 1904 ambitionis
862 1877 994 1917 eram,

149 1923 199 1962 Et
229 1928 365 1976 petere
396 1923 543 1962 Aoniae
576 1923 793 1963 suadebant
824 1929 909 1963 tuta
941 1935 1098 1963 sorores

85 1990 129 2022 40
152 1982 267 2033 Otia,
298 1981 444 2021 iudicio
477 1994 633 2034 semper
665 1988 790 2021 amata
821 1994 932 2022 meo,

150 2041 357 2092 Temporis
388 2040 493 2080 illius
524 2040 629 2080 colui
659 2041 816 2092 fovique
848 2046 1009 2093 poetas,

151 2099 334 2151 Quotque
366 2098 527 2139 aderant
557 2105 694 2152 vates,
726 2099 843 2139 rebar
875 2099 1010 2138 adesse
1044 2098 1161 2138 deos.

154 2158 277 2210 Saepe
310 2169 401 2197 suas
432 2158 612 2197 volucres
643 2158 738 2210 legi-t
769 2157 866 2197 mihi
897 2157 1082 2209 grandior
1115 2169 1233 2209 aevo,

153 2216 338 2268 Quaeque
371 2223 488 2257 nocet
520 2229 684 2269 serpens
704 2248 714 2268 ‚
747 2229 845 2268 quae
879 2218 986 2256 iuvat
1015 2215 1167 2268 herba,
1198 2216 1350 2255 Macer.

88 2282 133 2314 45
155 2274 278 2327 Saepe
313 2288 406 2314 suos
438 2275 578 2315 solitus
609 2277 777 2314 recitare
809 2275 1041 2327 Propertius
1072 2277 1183 2328 ignes

152 2333 242 2373 Iure
275 2333 473 2387 sodalitii,
507 2347 583 2386 quo
616 2334 711 2373 mihi
742 2335 901 2373 iunctus
935 2340 1039 2374 erat.
