1570 2527
562 127 621 158 iv.
648 134 742 159 v1111
764 128 906 158 1⁶22—x
927 128 980 159 57.
1358 125 1443 167 203

281 235 499 287 Gentibus,
533 234 688 285 obliqua
721 247 818 286 quas
851 235 932 274 obit
965 234 1097 274 Hister
1129 247 1250 286 aqua.

220 294 300 333 Nec
332 296 462 333 vincet
494 293 658 345 Cyclops
692 306 849 332 saevum
883 295 1036 333 feritate
1069 294 1272 345 Phyacen:

279 353 354 398 Qui
387 358 503 404 quota
537 353 700 391 terroris
732 365 823 403 pars
856 352 954 391 solet
987 365 1071 391 esse
1106 350 1216 391 mei?

158 419 199 450 25
228 411 352 462 Scylla
385 412 479 450 seris
512 418 652 450 trunco
681 411 784 462 quod
818 411 933 450 latret
965 411 1011 450 ab
1044 413 1204 462 inguine
1234 413 1445 463 monstris,

280 470 503 509 Heniochae
537 472 667 509 nautis
700 470 788 520 plus
821 482 992 509 nocuere
1026 477 1152 509 rates.

219 529 298 568 Nec
331 535 442 580 potes
475 529 629 568 infestis
662 529 843 567 conferre
877 528 1098 580 Charybdin
1131 528 1318 581 Achaeis,

279 588 356 626 Ter
389 588 480 626 licet.
513 594 671 639 epotum
704 594 764 626 ter
797 595 924 626 vomat
956 588 1018 626 illa
1052 588 1220 627 fretum.

221 647 295 692 Qui
329 659 565 698 quamquam
597 647 734 685 dextra
765 648 925 698 regione
958 646 1140 686 licentius
1174 653 1328 698 errant,

155 713 198 744 30
279 705 472 745 Securum
506 706 606 744 latus
638 705 712 744 hoc
746 717 823 744 non
856 712 985 744 tamen
1019 718 1105 744 esse
1139 708 1273 744 sinunt
1288 705 1313 755 .]

220 764 290 803 Hic
324 766 406 815 agri
438 764 668 815 infrondes,
702 764 765 802 hic
797 764 946 814 spicula
979 766 1098 803 tincta
1132 765 1315 803 venenis:

278 822 349 861 Hic
383 823 481 861 freta
513 822 573 861 vel
606 822 728 873 pediti
761 824 893 873 pervia
926 822 1054 861 reddit
1086 823 1236 873 hiems,

219 881 297 933 Ut,
331 893 405 932 qua
439 893 570 920 remus
603 883 678 920 iter
711 881 833 932 pulsis
866 881 980 919 modo
1014 882 1161 920 fecerat
1193 881 1332 934 undis,

279 939 415 979 Siccus
448 937 670 991 contempta
703 952 798 978 nave
832 941 956 978 viator
990 946 1071 979 eat.

154 1007 196 1038 35
219 999 294 1045 Qui
325 1000 487 1038 veniunt
519 1000 634 1037 istinc
654 1030 664 1050 ,
698 1001 758 1037 vix
791 1011 857 1037 vos
890 1011 934 1037 ea
968 999 1129 1038 credere
1163 999 1326 1038 dicunt.

278 1058 402 1104 Quam
435 1059 554 1096 miser
586 1065 674 1109 est,
708 1059 774 1109 qui
808 1059 884 1096 sert
916 1060 1112 1108 asperiora
1147 1057 1244 1096 fide!

218 1116 342 1156 Crede
375 1124 527 1155 tamen:
561 1129 632 1155 nec
665 1123 703 1155 te
736 1128 871 1155 causas
905 1119 1059 1155 nescire
1093 1118 1290 1168 sinemus,

277 1175 446 1214 Horrida
480 1175 737 1214 Sarmaticum
771 1188 841 1214 cur
874 1187 979 1214 mare
1014 1175 1129 1214 duret
1161 1175 1308 1214 hiems.

218 1234 398 1273 Proxima
431 1241 522 1273 sunt
555 1233 667 1272 nobis
701 1234 865 1284 plaustri
897 1234 1123 1285 praebentia
1156 1234 1321 1273 formam
1370 1243 1445 1276 (132)

154 1301 198 1332 40
279 1293 328 1332 Et
360 1305 459 1344 quae
491 1295 747 1344 praecipuum
783 1293 909 1331 sidera
944 1294 1067 1343 frigus
1100 1292 1267 1331 habent.

218 1351 318 1391 Hinc
351 1353 478 1390 oritur
510 1351 650 1390 boreas
683 1363 852 1402 oraeque
886 1351 1124 1390 domesticus
1158 1352 1249 1390 huic
1281 1358 1364 1405 est,

278 1410 326 1449 Et
359 1412 478 1449 sumit
510 1422 640 1449 mores
673 1422 693 1448 a
724 1412 908 1461 propiore
942 1410 1073 1449 locus.

217 1469 266 1508 At
298 1475 413 1508 notus
433 1500 443 1520 ,
476 1469 638 1508 adverso
672 1469 848 1519 tepidum
881 1470 949 1519 qui
981 1471 1101 1520 spirat
1135 1469 1181 1507 ab
1214 1482 1307 1523 axe,

278 1527 347 1567 Est
378 1527 546 1579 procul,
579 1534 618 1566 et
650 1539 762 1566 rarus
795 1527 1092 1578 languidiorque
1126 1530 1253 1568 venit.

153 1594 197 1626 45
218 1586 325 1625 Adde
359 1586 462 1637 quod
495 1586 558 1625 hic
591 1586 723 1624 clauso
757 1588 974 1625 miscentur
1006 1586 1165 1625 flumina
1197 1587 1345 1639 Ponto,

278 1645 441 1696 Vimque
475 1645 618 1684 fretum
653 1644 773 1683 multo
807 1645 935 1696 perdit
967 1644 1013 1683 ab
1047 1657 1158 1683 amne
1192 1658 1324 1685 suam.

217 1703 303 1744 Huc
336 1703 492 1756 Lycus,
525 1704 601 1743 huc
635 1703 789 1754 Sagaris
822 1703 1045 1754 Peniusque
1079 1703 1328 1756 Hypanisque

949 1762 1137 1813 Calesque

275 1821 408 1860 Inssuit
440 1827 479 1860 et
511 1820 650 1861 crebro
684 1823 828 1860 vertice
860 1827 989 1860 tortus
1022 1821 1160 1873 Halys,

217 1879 531 1931 Partheniusque
565 1892 712 1932 rapax,
746 1886 785 1919 et
816 1879 974 1918 volvens
1008 1892 1097 1918 saxa
1130 1880 1326 1932 Cynapses

153 1947 196 1978 50
276 1938 468 1990 Labitur,
501 1944 539 1977 et
571 1939 677 1977 nullo
711 1939 857 1978 tardior
891 1951 1001 1977 amne
1036 1939 1180 1990 Tyras:

217 1996 266 2036 Et
298 2003 340 2036 tu
360 2029 370 2049 ,
402 1998 592 2036 femineae
625 1997 875 2036 Thermodon
909 1999 1063 2048 cognite
1096 2004 1271 2049 turmae,

276 2055 325 2095 Et
358 2056 553 2106 quondam
586 2055 711 2094 Graiis
744 2056 859 2094 Phasi
885 2058 1005 2107 petite
1040 2058 1155 2095 viris:

218 2115 393 2166 Cumque
426 2114 684 2166 Borysthenio
717 2115 1002 2165 liquidissimus
1035 2127 1146 2153 amne
1178 2114 1371 2167 Dyrapses

276 2173 325 2212 Et
356 2174 472 2212 tacite
505 2185 696 2225 peragens
730 2174 815 2212 lene
848 2173 1068 2212 Melanthus
1099 2176 1197 2213 iter:

154 2240 197 2271 55
219 2232 373 2283 Quique
406 2232 502 2271 duas
535 2239 690 2285 terras,
723 2233 852 2270 Asiam
884 2232 1097 2283 Cadmique
1130 2245 1305 2271 sororem

278 2290 442 2342 Separat
473 2297 512 2330 et
545 2303 686 2330 cursus
718 2293 822 2329 inter
854 2297 1061 2342 utramque
1094 2292 1208 2331 facit:

216 2349 495 2401 Innumerique
528 2350 621 2403 alii,
655 2362 752 2401 quos
785 2352 888 2389 inter
920 2352 1111 2390 maximus
1143 2363 1279 2389 onmes
