1570 2527
579 90 643 122 111.
670 97 686 122 1
706 92 748 122 33
759 109 791 113 -
802 91 878 123 106.
1317 89 1397 129 167

113 208 156 239 70
235 199 377 238 Ultima
408 211 498 250 pars
531 200 681 236 animae
715 198 808 237 dum
840 198 935 237 mihi
967 204 1116 250 restat,
1149 199 1266 238 ades.

178 257 368 308 Quodque
403 269 473 308 ego
499 262 742 308 praestarem
762 288 772 308 ‚
805 258 839 295 si
870 263 908 295 te
935 259 1057 308 magis
1088 259 1172 308 ipse
1206 257 1398 309 valerem,

234 316 275 354 Id
308 316 432 368 mihi7
465 328 555 354 cum
587 315 713 354 valeas
746 315 887 354 fortius
919 317 1002 367 ipsa
1021 348 1032 368 ‚
1064 316 1190 354 refer.

175 374 304 425 Exigit
335 375 410 413 hoc
443 374 596 412 socialis
629 386 737 412 amor
770 373 987 425 foedusque
1020 376 1228 414 maritum:

233 433 409 472 Moribus
441 433 514 471 hoc
534 465 545 485 7
578 434 748 471 coniunx
767 464 777 484 ,
810 434 932 483 exigis
965 435 1048 484 ipsa
1080 435 1186 472 tuis.

112 500 154 531 75
176 491 258 530 Hoc
290 485 423 530 domui
455 491 604 542 debes,
638 491 685 530 de
719 503 793 541 qua
821 493 1024 543 censeris,
1057 498 1101 530 ut
1132 491 1234 530 illam

233 550 320 589 Non
352 552 474 600 magis
507 550 645 588 officiis
679 562 795 600 quam
827 550 1021 601 probitate
1055 550 1180 589 colas.

177 609 326 648 Cuncta
358 608 450 647 licet
482 609 598 647 facias
619 640 629 660 ‚
662 610 737 646 nisi
770 610 847 647 eris
880 608 1084 647 laudabilis
1117 621 1238 661 uxor,

235 667 319 706 Non
351 669 498 718 poterit
530 667 638 706 credi
670 667 810 705 Marcia
845 667 947 706 culta
980 667 1073 707 tibi.

174 726 254 765 Nec
287 738 422 765 sumus
454 726 626 776 indigni:
672 738 774 777 nec,
808 727 840 764 si
873 728 928 764 vis
962 738 1052 764 vera
1085 726 1220 777 fateri,

112 793 155 824 80
235 784 409 823 Debetur
441 786 590 822 meritis
623 785 746 834 gratia
778 783 883 822 nulla
916 786 1037 822 meis.

174 842 365 881 Redditur
397 842 460 880 illa
493 842 650 893 quidem
683 842 820 892 grandi
853 854 942 880 cum
974 843 1110 881 fenore
1143 843 1279 895 nobis,

233 901 313 940 Nec
345 907 410 953 te,
445 902 478 939 si
510 902 670 952 cupiat,
702 900 856 938 laedere
888 913 1025 939 rumor
1056 900 1196 940 habet:

176 960 251 999 Sed
283 966 411 998 tamen
444 959 518 997 hoc
552 960 664 998 factis
696 958 863 1010 adiunge
896 959 1094 1010 prioribus
1128 972 1274 1012 unum,

236 1018 312 1057 Pro
345 1019 492 1056 nostris
525 1024 568 1056 ut
600 1019 653 1056 sis
687 1017 889 1056 ambitiosa
923 1018 1054 1056 malis.

111 1085 154 1117 85
175 1077 225 1116 Ut
257 1079 386 1116 minus
418 1077 560 1115 infesta
591 1078 737 1115 iaceam
770 1079 930 1127 regione
950 1108 960 1127 ‚
993 1076 1147 1128 labora,

236 1135 379 1174 Clauda
411 1147 484 1174 nec
517 1136 635 1174 officii
667 1147 757 1186 pars
790 1137 866 1174 erit
899 1135 974 1174 ulla
1007 1137 1087 1174 tui.

174 1195 311 1245 Magna
343 1200 433 1245 peto
453 1224 462 1242 ,
496 1193 564 1232 sed
598 1205 675 1232 non
707 1199 837 1232 tamen
869 1194 1060 1232 invidiosa
1092 1196 1268 1245 roganti:

235 1253 363 1303 thue
396 1265 439 1291 ea
472 1265 550 1290 non
583 1258 746 1304 teneas,
780 1258 862 1290 tuta
894 1252 1051 1303 repulsa
1084 1258 1149 1291 tua
1182 1259 1263 1292 est.

174 1311 254 1350 Nec
286 1311 382 1349 mihi
415 1323 604 1349 succense
624 1342 634 1361 ‚
667 1312 810 1349 totiens
844 1312 878 1348 si
910 1313 1081 1349 carmine
1114 1316 1249 1349 nostro
1342 1323 1398 1354 (76)

111 1379 155 1410 90
235 1370 347 1415 Quod
380 1369 504 1421 facis,
537 1375 581 1408 ut
613 1370 760 1421 Facias,
793 1375 910 1419 teque
943 1371 1096 1407 imitere
1116 1400 1126 1420 ,
1160 1381 1279 1420 rogo,

176 1428 361 1467 Fortibus
394 1429 565 1466 assuevit
596 1427 755 1466 tubicen
788 1428 1006 1479 prodesse3
1041 1440 1190 1479 suoque

235 1487 320 1525 Dux
352 1486 451 1524 bene
484 1488 694 1538 pugnantis
726 1487 862 1525 incitat
894 1498 961 1525 ore
995 1488 1125 1525 viros.

175 1545 276 1584 Nota
307 1551 372 1583 tua
406 1550 465 1583 est
497 1544 671 1596 probitas
704 1550 924 1595 testataque
958 1551 1112 1596 tempus
1145 1547 1185 1583 in
1218 1558 1356 1586 omne:

236 1604 294 1643 Sit
325 1605 450 1642 virtus
483 1605 598 1642 etiam
632 1615 709 1641 non
742 1603 935 1654 probitate
969 1606 1120 1642 minor.

111 1672 155 1702 95
175 1662 261 1701 Non
295 1662 365 1701 tibi
396 1663 603 1700 Amazonia
637 1668 696 1701 est
727 1674 798 1713 pro
834 1675 893 1700 me
927 1662 1115 1701 sumenda
1147 1664 1322 1715 securis,

235 1722 312 1760 Aut
343 1723 471 1759 excisa
504 1721 578 1759 levi
609 1720 713 1771 pelta
744 1721 916 1771 gerenda
947 1733 1088 1759 manu.

174 1780 329 1819 Numen
362 1779 603 1818 adorandum
637 1784 724 1818 est:
766 1792 845 1818 non
878 1785 921 1818 ut
952 1779 1047 1818 mihi
1080 1780 1145 1818 fiat
1177 1782 1368 1833 amicum,

237 1838 313 1877 Sed
346 1840 397 1877 sit
428 1844 472 1877 ut
503 1840 646 1877 iratum
665 1870 676 1889 ,
709 1851 824 1889 quam
858 1839 932 1877 fuit
964 1844 1081 1890 ante,
1115 1841 1267 1879 minus.

177 1897 308 1936 Gratia
340 1899 374 1935 si
405 1897 510 1936 nulla
542 1902 631 1948 est,
663 1897 844 1936 lacrimae
876 1897 949 1935 tibi
980 1899 1103 1948 gratia
1135 1898 1254 1937 fient.

91 1964 157 1996 100
238 1956 317 1994 Hac
349 1962 461 2006 potes
494 1962 560 1994 aut
591 1955 695 1994 nulla
727 1961 837 2006 parte
871 1968 1026 1994 movere
1060 1956 1175 1995 deos.

177 2014 284 2060 Quae
316 2014 388 2052 tibi
419 2026 467 2053 ne
500 2014 657 2066 desint,
690 2014 790 2052 bene
823 2026 893 2065 per
918 2014 1017 2052 mala
1050 2020 1182 2053 nostra
1216 2021 1397 2068 cavetur3

235 2073 375 2124 Meque
408 2075 490 2111 viro
522 2073 642 2111 ssendi
674 2074 784 2124 copia
816 2073 923 2111 dives
956 2073 1088 2112 adest.

175 2132 304 2183 thue
337 2144 445 2170 meae
480 2144 543 2170 res
576 2138 696 2183 sunt,
729 2133 864 2182 omni,
895 2137 1020 2183 pum,
1053 2137 1229 2183 tempore
1262 2132 1397 2172 flebis.

235 2191 312 2229 Has
345 2191 501 2229 fortuna
535 2190 605 2229 tibi
638 2196 771 2228 nostra
804 2191 1000 2229 ministret
1032 2202 1150 2241 opes.

91 2257 154 2289 105
178 2249 218 2288 Si
250 2261 334 2288 mea
361 2261 467 2288 mors
494 2249 720 2288 redimenda
748 2255 813 2287 tua
832 2280 842 2299 ,
875 2249 978 2299 quod
1008 2248 1242 2301 abominor,
1270 2255 1398 2302 esset,

234 2308 389 2347 Admeti
421 2310 620 2359 coniunx,
654 2319 770 2358 quam
803 2309 1057 2361 sequereris,
1091 2313 1196 2347 erat.
