1570 2527
635 101 680 134 11.
709 102 904 135 704—775.
1356 99 1442 140 255

131 218 198 250 740
277 209 486 248 Inveniunt
516 211 644 259 posito
678 209 909 260 pervigilare
942 222 1074 248 mero.

217 268 310 307 lnde
345 270 421 307 cito
454 280 572 319 passu
605 270 753 318 petitur
786 267 990 307 Lucretia:
1036 267 1176 319 nebat,

277 329 375 365 Ante
408 333 537 365 torum
571 327 710 365 calathi
744 327 907 377 lanaque
940 327 1067 365 mollis
1100 334 1204 365 erat.

217 385 366 424 Lumen
399 386 444 423 ad
478 387 660 436 exiguum
694 386 860 423 famulae
893 385 979 424 data
1011 398 1131 436 pensa
1164 384 1394 424 trahebant:

278 443 383 482 lnter
417 456 514 495 quas
547 446 656 482 tenui
689 446 744 482 510
778 445 830 482 311
862 445 945 495 ipsa
979 456 1098 483 sono:

132 510 199 541 745
221 500 429 541 ‘Mittenda
462 510 522 541 est
554 503 710 541 domino
741 524 788 529 —
819 515 923 541 nunc
943 535 954 555 ‚
974 515 1090 546 ,1111110
1122 509 1354 555 properate,

949 561 1124 612 puellae!
1159 583 1201 588 -

279 619 575 671 Quamprimum
609 627 740 658 nostra
773 621 872 658 sacta
905 620 1059 658 lacerna
1092 632 1231 659 manu.

220 677 321 723 Quid
355 686 484 717 tamen
517 679 659 717 auditis
679 677 701 717 Ῥ
744 691 831 717 113111
865 679 976 730 plura
1009 679 1143 717 audire
1175 680 1361 730 potestis:

280 737 477 782 Quantum
510 737 557 776 de
590 737 691 775 bello
725 737 869 775 dicitur
901 750 987 776 esse
1020 736 1174 789 super?

222 795 433 834 Postmodo
467 798 566 834 victa
599 795 742 834 cades!
787 796 1046 848 melioribus,
1078 796 1231 844 Ardea,
1266 794 1413 834 restas!

133 863 201 894 750
280 854 447 905 Inproba
467 886 477 906 ‚
511 866 610 905 quae
642 861 799 892 nostros
832 856 939 904 cogis
972 854 1108 893 abesse
1142 857 1268 892 viros.

221 912 308 951 Sint
339 919 490 951 tantum
523 912 719 952 reduces!
764 913 831 951 sed
865 914 968 951 enim
1001 915 1233 951 temerarius
1266 913 1330 951 ille

279 970 350 1010 Est
381 983 493 1010 meus
512 1004 523 1024 ,
554 978 595 1010 et
626 973 763 1010 stricto
797 971 973 1022 quolibet
1006 984 1098 1010 ense
1131 973 1232 1010 ruit.

219 1030 330 1068 Mens
362 1030 443 1069 abit
474 1037 513 1069 et
545 1032 721 1081 morior,
754 1032 936 1081 quotiens
968 1032 1180 1081 pugnantis
1211 1032 1337 1081 imago

280 1089 339 1127 Me
373 1089 507 1141 subit,
540 1097 579 1127 et
611 1088 782 1140 gelidum
815 1095 974 1140 pectora
1006 1089 1130 1140 frigus
1162 1085 1324 1127 habet.'

134 1156 201 1187 755
223 1147 375 1186 Desinit
405 1149 446 1186 in
478 1148 657 1186 lacrimas
677 1179 687 1199 ‚
718 1150 946 1198 intentaque
980 1148 1041 1186 fila
1075 1149 1262 1200 remittit,

282 1206 324 1245 ln
357 1207 505 1256 gremio
539 1207 685 1245 voltum
719 1207 978 1257 deposuitque
1012 1219 1150 1245 suum.

223 1264 306 1303 Hoc
338 1267 466 1316 ipsum
500 1265 662 1303 decuit:
707 1265 888 1303 lacrimae
921 1265 1089 1304 decuere
1122 1265 1309 1316 pudicae,

281 1323 330 1362 Et
362 1324 480 1362 facies
513 1325 640 1362 animo
673 1324 867 1374 dignaque
899 1336 1048 1375 parque
1080 1324 1176 1363 suit.

222 1378 349 1421 ‘Pone
382 1389 529 1421 metum
549 1414 559 1433 ‚
590 1384 704 1420 venio
725 1379 755 1421 l'
801 1384 970 1421 coniunx
1004 1385 1084 1422 ait.
1140 1382 1204 1421 illa
1235 1383 1398 1432 revixit,

135 1449 206 1480 760
286 1441 419 1492 Deque
451 1442 524 1479 viri
557 1440 655 1479 collo
689 1441 801 1479 dulce
833 1441 1021 1492 pependit
1052 1454 1174 1480 onus.

224 1499 377 1538 Interea
408 1501 560 1538 iuvenis
593 1500 756 1538 furiatos
788 1501 921 1550 reg-ius
952 1501 1054 1550 ignis

283 1558 492 1610 Concipit,
524 1565 563 1597 et
595 1570 710 1596 caeco
743 1565 878 1609 raptus
910 1571 1042 1597 amore
1074 1559 1193 1598 furit.

224 1618 363 1656 Forma
395 1617 552 1668 placet,
584 1618 799 1667 niveusque
833 1617 970 1668 color,
1001 1617 1168 1668 flavique
1200 1617 1351 1669 capilli,

284 1676 438 1727 Quique
471 1676 604 1714 aderat
636 1675 739 1714 nulla
773 1676 898 1714 factus
930 1675 977 1714 ab
1010 1682 1092 1714 arte
1126 1676 1268 1715 decor:

137 1744 204 1775 765
225 1735 348 1774 Verba
381 1734 536 1785 placent
568 1741 606 1773 et
638 1746 708 1772 vox
729 1767 739 1785 ‚
771 1741 810 1772 et
836 1734 940 1785 quod
973 1746 1228 1786 corrumpere
1261 1747 1340 1773 non
1366 1740 1446 1785 est3

283 1793 447 1844 Quoque
480 1795 606 1831 minor
639 1805 728 1844 spes
761 1801 849 1844 est,
881 1793 955 1832 hoc
988 1795 1110 1845 magis
1141 1794 1204 1832 ille
1238 1796 1368 1845 cupit.

224 1853 302 1892 lam
335 1852 496 1891 dederat
528 1858 665 1890 03111115
697 1852 797 1890 111015
829 1854 1087 1902 praenuntius
1119 1852 1222 1903 ales,

285 1911 382 1950 Cum
414 1912 592 1950 referunt
623 1913 784 1949 iuvenes
816 1912 857 1949 in
889 1923 958 1949 sua
990 1917 1117 1949 castra
1150 1912 1311 1961 pedem.

226 1970 408 2020 Carpitur
441 1971 627 2007 attonitos
659 1969 832 2007 absentis
864 1971 1031 2019 imagine
1064 1981 1204 2008 sensus

139 2037 206 2069 770
285 2029 351 2067 llle
372 2059 380 2066 .
437 2028 660 2066 recordanti
692 2028 803 2078 plura
836 2030 1035 2078 magisque
1068 2027 1245 2078 placent.

227 2087 289 2126 Sic
323 2087 453 2138 sedit,
485 2089 540 2125 sic
574 2086 676 2125 culta
710 2087 811 2137 suit,
845 2088 899 2125 sic
933 2088 1097 2125 5131111113
1128 2088 1257 2138 nevit,

284 2146 490 2197 Neglectae
524 2145 621 2184 collo
655 2147 710 2183 510
743 2146 898 2183 iacuere
932 2157 1089 2196 comae,

228 2204 305 2242 Hos
338 2204 473 2243 habuit
505 2205 660 2256 voltus,
693 2204 788 2242 haec
820 2204 876 2242 illi
907 2204 1024 2242 verba
1057 2205 1240 2255 suerunt,

286 2263 355 2302 Hic
388 2264 523 2314 color,
557 2264 650 2302 haec
684 2263 830 2314 facies,
863 2263 924 2301 hic
958 2263 1076 2301 decor
1108 2265 1188 2301 oris
1220 2268 1326 2301 erat.

139 2330 206 2361 775
229 2322 276 2361 Ut
307 2322 406 2361 solet
437 2336 457 2361 a
490 2335 627 2374 magno
660 2322 804 2360 fluctus
836 2321 1090 2373 languescere
1121 2322 1239 2374 flatu,
