1570 2527
125 145 145 185 1
156 145 207 186 78
665 145 730 177 Ex
754 144 913 177 PONTO

297 254 347 293 Et
377 254 527 306 placeat
559 264 672 291 caeso
704 264 782 291 non
813 254 943 292 minus
976 265 1071 305 agna
1103 253 1224 293 bove.

241 313 316 352 Res
350 324 506 363 quoque
538 317 644 350 tanta
677 310 779 362 suit,
812 318 977 362 quantae
1010 311 1226 351 subsistere
1260 324 1412 352 summo

300 371 493 409 Aeneidos
525 371 602 408 vati
634 369 780 420 grande
813 370 953 409 fuisset
984 382 1106 410 onus.

176 438 218 470 85
240 429 358 468 Ferre
392 430 508 467 etiam
540 427 674 466 molles
707 427 807 479 elegi
840 434 915 467 tam
948 435 1055 468 vasta
1088 429 1276 481 triumphi

298 487 475 525 Pondera
509 486 730 538 disparibus
763 498 841 525 non
873 493 1037 538 potuere
1070 489 1188 526 rotis.

240 546 324 591 Quo
357 545 456 597 pede
489 557 593 584 nunc
626 551 743 596 utar,
776 544 892 583 dubia
924 552 984 584 est
1015 547 1208 584 sententia
1240 545 1376 586 nobis:

297 603 406 642 Alter
439 605 542 642 enim
575 603 622 642 de
655 609 693 642 te
713 634 723 653 ,
755 603 919 655 Rhene,
952 604 1175 655 triumphus
1207 604 1335 644 adest.

238 662 359 701 Inrita
390 668 586 701 motorum
618 673 697 700 non
729 667 821 700 sunt
852 664 1052 713 praesagia
1083 667 1238 702 vatum:
1403 672 1459 704 (93)

175 729 218 760 90
300 720 433 760 Danda
464 720 544 759 Iovi
575 720 709 759 laurus
729 752 739 772 ,
772 720 862 759 dum
896 722 1004 772 prior
1036 720 1098 759 illa
1131 723 1252 761 viret.

238 779 317 819 Nec
356 791 441 818 mea
479 778 596 818 verba
635 778 761 830 legis,
803 780 869 829 qui
908 791 994 818 sum
1032 785 1250 819 summotus
1288 780 1335 818 ad

948 837 1168 890 .Histrum,

296 896 381 935 Non
414 895 514 935 bene
547 897 693 947 pacatis
724 895 885 934 flumina
918 903 1007 947 pota
1039 896 1171 935 Getis:

239 954 315 994 Ista
349 954 412 993 dei
443 967 516 992 vox
549 961 635 993 est.
693 954 789 993 deus
823 960 881 993 est
912 955 952 992 in
984 960 1143 1005 pectore
1177 960 1339 993 nostro.

297 1012 401 1051 Haec
434 1013 532 1051 duce
565 1012 748 1063 praedico
783 1014 1049 1063 vaticinorque
1083 1013 1178 1052 deo.

173 1080 216 1111 95
239 1071 339 1117 Quid
373 1083 503 1110 cessas
536 1083 696 1109 currum
729 1082 988 1122 pompamque
1020 1083 1157 1122 parare
1190 1071 1422 1124 triumphis,

297 1130 404 1168 Livia
423 1127 444 1168 Ρ
487 1131 563 1168 iam
596 1129 721 1168 nullas
754 1129 846 1167 dant
878 1129 948 1168 tibi
980 1129 1080 1168 belia
1112 1142 1264 1169 moras.

239 1189 390 1227 Perfida
424 1188 622 1226 damnatas
655 1187 860 1226 Germania
892 1189 1033 1238 proicit
1065 1188 1218 1227 hastas.

297 1247 376 1285 Iam
408 1246 562 1298 pondus
595 1246 702 1285 dices
734 1258 847 1284 omen
880 1245 1024 1285 habere
1056 1259 1210 1286 meum.

240 1305 393 1357 Crede,
427 1304 614 1355 brevique
647 1304 743 1342 fides
776 1304 928 1343 aderit.
984 1305 1195 1355 geminabit
1226 1304 1415 1344 honorem

152 1373 217 1403 100
299 1363 450 1415 Filius,
484 1371 522 1402 et
554 1364 697 1401 iunctis
732 1370 773 1401 ut
805 1364 915 1413 prius
947 1362 1018 1401 ibit
1051 1364 1185 1414 equis.

237 1422 407 1474 Prome,
441 1421 545 1472 quod
576 1423 713 1459 inicias
745 1423 892 1459 umeris
925 1421 1167 1473 victoribus,
1200 1428 1374 1462 ostrum:

297 1480 384 1531 Ipsa
416 1486 545 1531 potest
579 1479 736 1518 solitum
769 1491 885 1518 nosse
919 1491 1062 1518 corona
1095 1487 1233 1531 caput:

240 1539 387 1590 Scuta,
420 1538 487 1577 sed
522 1546 560 1577 et
591 1538 720 1589 galeae
753 1539 916 1589 gemmis
949 1538 1151 1577 radientur
1184 1546 1223 1578 et
1255 1551 1374 1591 auro,

298 1597 489 1649 Stentque
523 1609 641 1647 super
673 1598 796 1635 victos
830 1603 966 1635 trunca
1000 1604 1157 1648 tropaea
1189 1599 1316 1638 viros:

153 1666 215 1695 105
239 1656 388 1707 Oppida
420 1657 574 1694 turritis
607 1657 813 1706 cingantur
847 1655 1020 1694 eburnea
1051 1658 1198 1709 muris,

299 1713 484 1764 Fictaque
518 1726 581 1752 res
614 1726 706 1751 vero
740 1725 846 1752 more
879 1719 1040 1764 putetur
1073 1717 1155 1764 agi.

240 1772 447 1823 Squalidus
479 1773 662 1810 inmissos
696 1772 815 1810 fracta
849 1771 920 1810 sub
954 1772 1171 1811 harundine
1205 1774 1334 1812 crines

297 1830 456 1869 Rhenus
489 1838 527 1868 ct
559 1831 722 1868 infectas
755 1831 941 1880 sanguine
974 1837 1112 1881 porgat
1144 1843 1285 1882 aquas.

240 1889 409 1927 Barbara
440 1890 516 1927 iam
549 1890 649 1939 capti
681 1895 849 1939 poscunt
880 1889 1045 1939 insignia
1078 1901 1215 1942 reges,

152 1958 216 1987 110
296 1948 496 1998 Textaque
530 1948 685 1985 fortuna
717 1946 895 1985 divitiora
928 1958 1020 1986 sua:

238 2007 287 2045 Et
319 2017 417 2057 quae
449 2011 651 2057 praeterea
687 2006 808 2044 virtus
840 2006 981 2043 invicta
1017 2013 1173 2045 tuorum
1399 2015 1454 2045 (94)

299 2064 420 2115 Saepe
454 2071 587 2115 parata
619 2063 718 2116 tibi,
751 2076 865 2115 saepe
898 2064 1066 2115 paranda
1099 2066 1215 2104 lacit.

239 2123 312 2172 Di,
345 2135 513 2173 quorum
546 2124 696 2161 monitu
729 2134 864 2161 sumus
897 2130 1083 2162 eventura
1116 2124 1258 2173 locuti,

297 2180 450 2233 Verba,
482 2193 622 2234 precor
642 2215 652 2233 ‚
685 2180 804 2221 celeri
836 2189 968 2220 nostra
1002 2181 1162 2232 probate
1195 2181 1293 2220 fide!
