1570 2527
157 114 234 155 140
694 113 757 145 Ex
781 112 939 146 PONTo

267 222 321 262 A!
347 224 512 261 nimium
539 227 620 273 est,
648 221 772 272 quod,
799 216 942 271 amice,
966 220 1091 271 petis.
1118 218 1356 258 moderatius
1375 223 1486 270 opta,

326 280 376 319 Et
407 281 486 319 voti
518 291 661 329 quaeso
695 279 882 318 contrahe
914 278 998 317 vela
1030 279 1110 317 tui.

269 339 391 378 Terra
423 338 538 377 velim
570 339 730 388 propior
762 337 936 388 nullique
969 336 1134 375 obnoxia
1166 335 1266 375 bello

328 397 479 448 Detur3
512 402 595 435 erat
627 397 773 435 nostris
804 408 895 447 pars
926 395 1027 435 bona
1060 395 1214 445 dempta
1244 393 1378 434 malis.

739 523 891 569 VIIII.

271 630 377 676 Quae
410 629 505 668 mihi
537 629 584 668 de
616 634 727 679 rapto
760 634 826 668 tua
857 628 964 667 venit
995 626 1157 678 epistola
1189 625 1324 678 Celso,

330 688 514 727 Protinus
547 693 607 726 est
637 687 807 726 lacrimis
839 686 970 725 umida
1002 686 1103 725 facta
1134 686 1253 724 meis.

272 746 463 797 Quodque
495 746 604 785 nefas
637 745 774 797 dictu,
807 745 893 783 fieri
924 756 997 783 nec
1028 755 1143 795 posse
1176 745 1329 795 putavi,

331 805 467 844 Invitis
499 805 623 843 oculis
654 803 783 843 littera
814 803 914 842 lecta
946 808 1011 842 tua
1043 807 1124 841 est.

231 872 250 902 5
270 863 351 903 Nec
384 865 592 914 quicquam
625 862 671 901 ad
703 868 857 900 nostras
888 862 1068 913 pervenit
1099 859 1279 899 acerbius
1311 872 1425 899 aures

331 921 381 960 Ut
413 933 548 960 sumus
580 922 621 959 in
652 920 776 959 Ponto
796 952 806 972 ,
838 921 1143 971 perveniatque,
1179 930 1342 970 precor.

274 981 372 1019 Ante
405 992 512 1018 meos
545 978 679 1018 oculos
711 984 908 1029 tamquam
940 978 1157 1029 praesentis
1189 979 1314 1028 imago

332 1038 503 1089 Haeret,
535 1043 575 1076 et
607 1038 822 1076 extinctum
854 1039 984 1075 vivere
1015 1037 1126 1087 fingit
1157 1047 1288 1074 amor.

275 1097 397 1148 Saepe
430 1097 552 1135 refert
585 1097 736 1134 animus
768 1095 877 1134 lusus
910 1095 1098 1146 gravitate
1131 1099 1333 1146 carentes,

210 1163 253 1194 10
334 1155 444 1193 Seria
476 1167 563 1193 curn
596 1154 742 1204 liquida
775 1165 890 1204 saepe
922 1158 1078 1204 peracta
1110 1152 1207 1191 fide.

273 1213 386 1253 Nulla
417 1219 546 1251 tamen
579 1211 750 1251 subeunt
781 1211 876 1250 mihi
908 1218 1082 1262 tempora
1115 1211 1274 1249 densius
1305 1209 1403 1262 illis,

334 1271 440 1316 Quae
472 1270 611 1309 vellem
642 1272 742 1308 vitae
775 1281 925 1309 summa
957 1270 1077 1308 fuisse
1109 1281 1241 1320 meae,

275 1330 371 1369 Cum
406 1330 543 1368 domus
575 1330 723 1379 ingenti
755 1327 883 1367 subito
916 1339 1000 1366 mea
1032 1327 1137 1378 lapsa
1169 1328 1282 1366 ruina
1436 1335 1491 1366 (31)

334 1387 513 1427 Concidit
544 1389 583 1426 in
616 1386 764 1425 domini
795 1386 1084 1437 procubuitque
1117 1390 1256 1437 caput.

214 1454 255 1485 15
276 1447 397 1485 Affuit
428 1446 491 1484 ille
523 1445 647 1496 mihi,
679 1457 767 1484 cum
800 1457 860 1483 ine
893 1456 982 1496 pars
1016 1456 1151 1495 magna
1183 1443 1364 1495 reliquit,

334 1503 526 1543 Maxime!
573 1505 753 1542 fortunae
786 1515 857 1541 nec
891 1503 964 1541 fuit
995 1504 1078 1553 ipse
1111 1514 1264 1541 comes.

275 1562 388 1602 Illum
421 1575 491 1612 ego
524 1574 602 1601 non
636 1561 746 1600 aliter
778 1562 935 1600 flentem
968 1573 1052 1600 mea
1084 1561 1221 1600 funera
1252 1560 1353 1608 vidi,

334 1621 544 1660 Ponendus
578 1632 693 1671 quam
726 1622 758 1658 si
791 1621 910 1659 frater
942 1621 982 1658 in
1014 1621 1102 1670 igne
1136 1619 1260 1658 soret.

276 1678 410 1718 Haesit
442 1681 482 1717 in
514 1678 694 1729 amplexu
728 1678 1028 1729 consolatusque
1060 1679 1252 1716 iacentem
1285 1683 1365 1728 est,

211 1745 256 1778 20
336 1737 513 1788 Cumque
545 1738 641 1775 meis
674 1736 844 1774 lacrimis
876 1737 1033 1774 miscuit
1064 1747 1189 1786 usque
1222 1747 1334 1774 suas.

277 1795 331 1835 O!
365 1797 546 1846 quotiens
578 1796 677 1833 vitae
711 1800 843 1833 custos
875 1795 1024 1832 invisus
1056 1805 1207 1832 amarae

336 1854 538 1894 Continuit
569 1858 769 1904 promptas
802 1854 842 1890 in
875 1864 958 1891 mea
991 1852 1066 1891 sata
1099 1850 1259 1890 manus!

277 1912 331 1952 ΟΞ
366 1913 547 1963 quotiens
580 1911 676 1950 dixit
708 1908 920 1962 eplacabilis
952 1912 1008 1948 ira
1042 1910 1204 1949 deorum
1236 1916 1318 1950 est:

335 1970 427 2010 Vive
446 2002 456 2022 ‚
488 1982 560 2010 nec
591 1971 740 2021 ignosci
772 1974 813 2008 tu
845 1968 915 2007 tibi
947 1980 1060 2019 posse
1093 1965 1217 2019 nega.⁹

214 2039 257 2070 25
278 2029 359 2068 Vox
394 2035 521 2068 tamen
555 2028 619 2067 illa
652 2028 725 2067 fuit
757 2026 1008 2066 celeberrima
1027 2059 1038 2078 ,
1077 2024 1244 2078 ‘respice
1264 2058 1275 2078 ‚
1307 2032 1494 2077 quantum

338 2087 486 2126 Debeat
517 2086 702 2125 auxilium
734 2086 922 2124 Maximus
955 2097 1040 2123 esse
1073 2085 1167 2124 tibi.

279 2146 469 2185 Maximus
502 2144 732 2195 incumbet,
765 2156 918 2195 quaque
951 2148 1010 2182 est
1041 2145 1186 2194 pietate
1205 2174 1215 2194 ,
1247 2142 1421 2195 rogabit,

339 2205 393 2242 Ne
428 2206 477 2243 sit
509 2203 554 2243 ad
588 2209 804 2242 extremum
838 2202 1012 2242 Caesaris
1044 2203 1102 2240 ira
1134 2207 1271 2241 tenax:

281 2262 456 2313 Cumque
489 2264 570 2301 suis
603 2262 734 2300 fratris
768 2263 869 2300 vires
901 2259 1128 2311 adhibebit,
1161 2267 1199 2299 et
1232 2271 1405 2309 omnem,

216 2330 259 2361 30
341 2320 424 2366 Quo
458 2320 581 2359 levius
613 2320 773 2371 doleas,
807 2320 1031 2371 experietur
1062 2330 1175 2370 opem
1192 2315 1215 2357 .'
