1570 2527
506 127 553 159 11.
581 134 625 161 x1
647 126 779 159 1-111.
806 134 822 159 1
843 128 896 159 32.
1286 123 1370 165 165

449 306 633 360 LIBER
671 306 947 360 TERTIUS.

682 434 718 480 Ι.

150 529 305 579 Aequor
337 527 488 567 Iasonio
521 528 716 579 pulsatum
750 529 896 579 remige
929 529 1123 580 primum,
1315 535 1373 568 (72)

211 587 396 638 Quaeque
429 599 502 625 nec
534 587 646 626 hoste
680 588 763 626 fero
796 599 869 626 neo
901 588 988 626 nive
1008 618 1018 638 ‚
1051 593 1155 626 terra
1175 617 1186 638 ,
1218 597 1349 637 cares,

150 645 312 696 Ecquod
347 647 421 684 erit
454 651 639 698 tempus,
679 658 755 696 quo
788 657 855 684 vos
894 658 964 697 ego
997 645 1098 683 Naso
1131 644 1373 697 relinquam,

210 703 253 743 In
286 705 416 742 minus
448 705 583 743 hostili
613 706 746 743 iussus
779 704 915 742 abesse
947 702 1068 743 loco?

111 771 130 802 5
151 762 209 801 An
244 763 339 801 mihi
370 762 549 801 barbaria
582 763 788 801 vivendum
822 775 977 813 semper
1009 764 1050 801 in
1081 764 1178 814 ista,

208 821 330 872 Inque
363 821 565 860 Tomitana
598 822 744 860 condar
776 827 932 872 oportet
962 819 1118 860 humo?

149 879 249 918 Pace
283 885 378 931 tua,
411 881 444 918 si
475 892 548 931 pax
581 879 658 918 ulla
691 886 750 918 est
782 886 846 918 tua
866 911 877 931 7
909 879 1072 918 Pontica
1104 879 1244 931 tellus,

208 938 417 977 Finitimus
449 938 583 989 rapido
618 951 734 989 quam
766 940 858 976 terit
889 938 1013 976 hostis
1046 950 1173 990 equo3

148 997 248 1036 Pace
282 1004 347 1036 tua
379 997 523 1035 dixisse
557 997 701 1036 velim:
752 1003 793 1035 tu
826 998 995 1048 pessima
1028 996 1126 1035 duro

88 1064 130 1095 10
209 1056 304 1094 Pars
337 1068 378 1094 es
410 1057 450 1094 in
483 1056 626 1107 exilio,
661 1061 702 1094 tu
736 1055 833 1093 mala
868 1061 1001 1094 nostra
1034 1067 1196 1106 gravas.

154 1114 213 1153 Tu
246 1127 374 1165 neque
407 1127 474 1152 ver
507 1116 629 1153 sentis
662 1115 834 1153 cinctum
868 1114 1033 1152 florente
1066 1125 1233 1166 corona,

212 1173 271 1211 Tu
304 1185 431 1223 neque
463 1185 683 1211 messorum
717 1185 882 1224 corpora
915 1173 1017 1211 nuda
1050 1173 1181 1224 vides,

151 1231 232 1270 Nee
266 1231 336 1270 tibi
369 1234 593 1282 pampineas
626 1237 839 1270 autumnus
872 1232 1038 1282 porrigit
1070 1244 1186 1270 uvas:

210 1290 359 1329 Cuncta
393 1291 460 1328 sed
492 1290 733 1329 inmodicum
765 1296 942 1341 tempora
974 1290 1098 1340 frigus
1131 1289 1297 1328 habent.

88 1356 129 1387 15
151 1349 210 1387 Tu
243 1349 364 1399 glacie
398 1350 496 1387 freta
530 1351 657 1387 vincta
689 1354 830 1400 tenes,
863 1355 903 1386 et
934 1350 974 1386 in
1007 1360 1176 1398 aequore
1208 1349 1328 1399 piscis

210 1407 389 1446 Inclusus
422 1413 525 1446 tecta
558 1420 672 1459 saepe
707 1409 851 1445 natavit
883 1419 1002 1458 aqua.

151 1466 230 1504 Neo
263 1465 334 1504 tibi
366 1472 458 1504 sunt
490 1467 647 1518 fontes,
679 1466 804 1504 laticis
837 1467 912 1503 nisi
944 1477 1067 1516 paene
1100 1466 1264 1517 marini,

211 1525 287 1570 Qui
318 1530 434 1575 potus
467 1524 629 1563 dubium
664 1526 775 1562 sistat
807 1524 933 1562 alatne
967 1526 1093 1563 sitIm.

152 1583 251 1621 Rara
271 1614 281 1634 ‚
314 1595 442 1634 neque
475 1583 570 1621 haee
604 1582 694 1621 felix
714 1614 724 1634 ‚
756 1584 796 1621 in
830 1583 975 1633 apertis
1009 1584 1154 1621 eminet
1185 1583 1287 1621 arvis

87 1650 132 1681 20
211 1641 367 1694 Arbor,
401 1648 439 1680 et
471 1644 510 1680 in
544 1648 647 1680 terra
680 1647 739 1680 est
771 1641 892 1680 altera
925 1642 1047 1679 forma
1081 1642 1222 1679 maris.

152 1700 237 1738 Non
271 1702 351 1739 avis
383 1699 609 1751 obloquitur
643 1702 735 1747 [nisi
768 1700 873 1738 silvis
907 1701 1017 1750 siqua
1050 1701 1212 1738 remotis

211 1760 435 1810 Aequoreas
468 1771 586 1797 rauco
619 1766 778 1809 gutture
812 1764 920 1810 potat
952 1757 1114 1809 aquas]

153 1817 294 1856 Tristia
327 1830 398 1869 per
431 1830 572 1856 vacuos
604 1818 769 1856 horrent
800 1817 993 1856 absinthia
1027 1829 1207 1869 campOS,
1318 1826 1375 1858 (⁷3)

211 1876 535 1927 Conveniensque
569 1889 640 1915 suo
673 1878 812 1915 messis
845 1888 973 1914 amara
1006 1876 1115 1915 loco.

88 1943 130 1974 25
152 1935 258 1973 Adde
292 1940 448 1987 metus,
481 1942 519 1973 et
551 1935 654 1985 quod
688 1947 825 1974 murus
858 1935 1037 1985 pulsatur
1068 1934 1116 1973 ab
1149 1934 1284 1986 hoste,

212 1993 427 2044 Tinctaque
462 1995 661 2032 mortifera
694 1993 781 2032 tabe
815 1996 952 2044 sagitta
986 1993 1138 2044 madet3

153 2052 264 2098 Quod
299 2052 437 2103 procul
462 2052 557 2091 haec
590 2054 697 2103 regio
726 2058 784 2090 est
816 2058 854 2090 et
886 2051 932 2090 ab
960 2053 1066 2089 omni
1098 2051 1207 2090 devia
1234 2063 1375 2104 cursu,

212 2111 292 2150 Neo
325 2112 422 2162 pede
457 2124 533 2162 quo
567 2113 773 2162 quisquam
807 2122 879 2148 nee
913 2116 995 2148 rate
1029 2116 1140 2148 tutus
1172 2116 1255 2149 eat.

152 2169 235 2208 Non
270 2171 390 2219 igitur
423 2172 593 2221 mirum,
629 2171 746 2208 finem
778 2168 1060 2219 quaerentibus
1092 2168 1234 2207 horum

88 2237 133 2268 30
213 2228 342 2267 Altera
375 2231 407 2267 si
440 2229 553 2267 nobis
587 2241 711 2279 usque
745 2233 905 2278 rogatur
938 2227 1102 2266 humus.

152 2287 206 2325 Te
241 2289 361 2337 magis
393 2294 454 2326 est
486 2289 628 2325 mirum
661 2299 738 2325 non
771 2286 845 2325 hoc
879 2287 1089 2337 evincere,
1122 2287 1316 2339 coniunx,

211 2345 334 2396 Inque
367 2348 464 2385 meis
496 2346 675 2385 lacrimas
706 2357 822 2397 posse
855 2350 990 2384 tenere
1023 2344 1156 2384 malis.
