1570 2527
191 106 246 148 32
738 109 967 141 TRISTlUM

308 215 481 254 Plurima
512 214 731 254 mulcendis
763 215 924 254 auribus
957 220 1045 266 apta
1077 215 1233 255 ferens:

310 273 451 312 Accius
485 278 589 312 esset
620 278 759 325 atrox,
791 275 950 312 conviva
982 273 1192 312 Terentius
1225 279 1359 326 esset,

222 340 288 371 360
309 331 451 370 Essent
482 343 707 383 pugnaces,
742 333 809 382 qui
841 331 922 370 sera
953 331 1054 371 belia
1086 337 1252 371 canunt.

309 390 486 440 Denique
520 391 722 440 composui
754 396 912 428 teneros
943 402 1022 428 non
1054 389 1159 429 solus
1192 401 1369 430 amores:

311 447 535 498 Composito
567 460 713 499 poenas
745 447 850 486 solus
883 459 1014 486 amore
1045 448 1157 487 dedi.

310 505 442 557 Quid,
475 506 550 544 nisi
583 518 672 545 cum
704 505 825 544 multo
858 505 1048 544 Venerem
1081 505 1322 545 confundere
1354 507 1443 545 vino

311 563 516 615 Praecepit
547 563 659 614 lyrici
690 564 783 602 Tei'a
815 563 923 602 Musa
951 565 1055 602 senis
1075 561 1096 602 3

223 630 290 661 365
310 621 450 661 Lesbia
483 622 575 672 quid
608 622 741 661 docuit
774 621 928 672 Sappho
947 653 958 674 ,
991 623 1065 660 nisi
1099 633 1257 674 amare,
1289 619 1473 673 puellas?

309 679 409 718 Tuta
440 685 570 719 tamen
604 679 788 732 Sappho,
820 686 928 719 tutus
962 684 1001 718 et
1032 679 1096 718 ille
1128 680 1224 719 fuit.

310 738 390 777 Nec
423 737 523 789 tibi,
556 738 731 777 Battiade
750 769 760 789 ,
793 739 956 789 nocuit,
990 737 1092 789 quod
1127 749 1241 789 saepe
1274 737 1419 789 legenti

309 796 476 834 Delicias
509 808 625 835 versu
657 797 785 834 fassus
817 808 859 835 es
891 798 976 847 ipse
1009 801 1118 835 tuas.

311 854 454 893 Fabula
486 853 648 893 iucundi
679 854 783 893 nulla
816 859 876 893 est
909 856 992 892 sine
1025 865 1156 892 amore
1188 853 1414 906 Menandri,

222 921 289 951 370
310 911 359 951 Et
391 912 489 951 solet
519 912 584 950 hic
616 914 750 963 pueris
782 912 1077 963 virginibusque
1109 911 1207 962 legi.

312 970 400 1008 Ilias
432 972 514 1021 ipsa
548 970 640 1021 quid
674 976 733 1009 est
764 970 867 1009 aliud
900 971 976 1008 uisi
1007 970 1204 1022 adultera,
1236 969 1285 1009 de
1316 982 1393 1021 qua

312 1028 419 1067 luter
452 1034 663 1067 amatorem
695 1041 824 1080 pugna
855 1030 1060 1079 virumque
1093 1025 1200 1067 fuit?

312 1086 414 1131 Quid
445 1088 555 1137 prius
588 1092 647 1125 est
677 1086 732 1125 illi
763 1087 915 1125 flamma
947 1086 1144 1125 Briseidos
1177 1091 1299 1138 utque

312 1144 466 1183 Fecerit
497 1146 617 1183 iratos
650 1151 759 1195 rapta
789 1145 917 1196 puella
949 1142 1104 1183 duces‘?

225 1211 290 1241 375
312 1204 388 1241 Aut
415 1203 507 1253 quid
541 1202 711 1253 Odyssea
745 1210 804 1242 est
848 1205 923 1242 nisi
949 1204 1091 1242 femina
1134 1208 1297 1254 propter
1334 1214 1530 1256 amorem,
1569 1221 1570 1237 ι

313 1261 413 1299 Dum
444 1262 503 1299 vir
536 1260 675 1313 abest,
706 1261 839 1300 multis
871 1273 948 1300 una
979 1262 1101 1311 petita
1132 1259 1260 1300 viris?

313 1319 407 1364 Quis
440 1320 515 1357 nisi
546 1318 767 1358 Maeonides
801 1318 993 1357 Venerem
1025 1319 1268 1369 Martemque
1304 1319 1442 1371 ligatos

313 1377 481 1428 Narrat,
513 1378 551 1415 in
585 1377 754 1416 obsceno
787 1389 951 1428 corpora
982 1389 1124 1428 prensa
1155 1374 1277 1415 toro?

315 1434 455 1486 Unde,
488 1436 563 1473 nisi
594 1435 738 1473 indicio
771 1437 900 1486 magni
932 1437 1121 1474 sciremus
1153 1434 1342 1483 Homeri,

224 1502 291 1532 380
312 1493 485 1544 Hospitis
517 1495 605 1544 igue
639 1493 734 1532 duas
766 1493 976 1532 incaluisse
1008 1491 1135 1531 deas?

312 1551 435 1590 Omne
468 1563 590 1602 genus
623 1553 760 1603 scripti
790 1553 977 1602 gravitate
1008 1550 1207 1602 tragoedia
1237 1552 1380 1590 vincit:

312 1609 416 1648 Haec
449 1622 605 1660 quoque
638 1611 839 1648 materiam
871 1621 1025 1661 semper
1058 1611 1200 1648 amoris
1231 1608 1370 1648 habet.

312 1667 413 1705 Num
435 1667 526 1718 quid
553 1669 592 1705 in
613 1667 844 1719 Hippolyto,
870 1669 945 1706 nisi
972 1679 1108 1706 caecae
1133 1667 1286 1706 flamma
1306 1665 1529 1706 novercae?

312 1724 460 1763 Nobilis
495 1731 554 1764 est
587 1724 735 1763 Canace
767 1726 899 1764 fratris
931 1737 1061 1763 amore
1094 1726 1178 1764 sui.

226 1792 291 1823 385
315 1783 414 1829 Quid
435 1781 456 1821 ἶ)
500 1795 578 1821 non
610 1783 831 1821 Tantalides
850 1814 861 1835 ,
893 1785 1061 1834 agitante
1094 1783 1284 1834 Cupidine
1316 1795 1481 1835 currus,

313 1842 487 1880 Pisaeam
519 1841 696 1892 Phrygiis
728 1843 831 1880 vexit
863 1841 1037 1880 eburnus
1070 1843 1180 1892 equis
1199 1839 1220 1879 ‘?

314 1900 344 1938 T
350 1901 529 1950 ingueret
560 1905 604 1938 ut
635 1900 784 1938 ferrum
816 1905 996 1938 natorum
1029 1901 1216 1950 sanguine
1247 1903 1399 1952 mater,

314 1957 499 1997 Concitus
531 1969 551 1996 a
582 1957 685 1996 laeso
718 1958 811 1996 fecit
841 1970 971 1996 amore
1005 1957 1138 1997 dolor.

314 2016 423 2054 Fecit
455 2028 562 2054 amor
595 2015 742 2055 subitas
774 2015 953 2055 volucres
987 2028 1073 2054 cum
1106 2015 1253 2067 paelice
1284 2027 1418 2066 regem

227 2083 292 2113 390
315 2074 499 2124 Quaeque
532 2086 646 2113 suum
677 2074 784 2125 luget
814 2086 918 2113 nunc
951 2086 1106 2124 quoque
1138 2079 1261 2113 mater
1291 2073 1402 2125 Ityn.

316 2133 356 2170 Si
388 2144 464 2171 non
497 2133 677 2183 Aeropen
708 2133 828 2171 frater
861 2132 1074 2171 sceleratus
1107 2137 1294 2184 amasset,

315 2192 481 2229 Aversos
515 2191 615 2229 Solis
648 2203 726 2229 non
757 2191 975 2242 legeremus
1008 2202 1152 2241 equos,

315 2249 435 2300 Impia
468 2261 541 2288 nec
573 2251 742 2300 tragicos
774 2251 967 2301 tetigisset
999 2247 1124 2299 Scylla
1156 2248 1394 2300 cothurnos,

313 2307 359 2345 Ni
392 2308 561 2358 patrium
594 2310 743 2346 crinem
776 2308 1017 2347 desecuisset
1047 2319 1178 2345 amor.
