1570 2527
537 122 565 154 1.
591 129 625 155 11
645 124 789 156 98—111
811 124 864 156 14.
1290 122 1372 164 127

205 229 256 269 Et
287 230 412 269 cecini
444 229 572 269 fausto
605 231 777 270 carmina
809 231 923 282 digna
954 237 1065 271 toro:

60 296 124 328 135
147 287 268 327 Cuius
299 294 337 327 te
369 288 527 327 solitum
560 290 720 327 memini
751 289 909 329 laudare
942 289 1092 329 libellos

204 346 391 398 Exceptis
410 379 421 399 ‚
453 347 611 386 domino
644 348 713 399 qui
744 360 916 387 nocuere
949 361 1046 388 suo:

146 405 218 445 Cui
249 410 317 445 tua
348 417 642 457 nonnumquam
675 407 834 446 miranti
866 409 1011 458 scripta
1044 407 1222 458 legebas:

203 464 271 503 llle
304 476 375 516 ego
394 495 405 517 ,
437 464 484 503 de
518 470 647 504 vestra
679 466 744 503 cui
776 465 863 504 data
894 472 1016 517 nupta
1048 466 1163 505 domo
1196 471 1281 505 est.

145 522 253 562 Hanc
284 522 425 574 probat
457 528 496 562 et
526 524 654 574 primo
686 523 866 563 dilectam
899 536 1056 575 semper
1088 524 1134 564 ab
1167 536 1260 564 aevo

59 588 125 621 140
204 581 276 620 Est
307 583 411 620 inter
443 583 607 621 comites
639 581 781 621 Marcia
815 595 932 622 censa
965 595 1078 635 suas,

144 639 268 691 Inque
301 642 382 679 suis
414 640 551 679 habuit
583 646 795 680 matertera
827 641 1004 680 Caesaris
1036 647 1149 681 ante:

204 698 380 744 Quarum
412 699 557 738 iudicio
590 701 702 751 siqua
734 700 927 752 probata,
959 700 1082 751 proba
1114 705 1198 739 est.

143 756 231 809 Ipsa
264 770 334 796 sua
365 757 504 796 melior
537 758 636 796 fama
655 789 666 809 ‚
697 758 948 797 laudantibus
980 760 1090 810 istis,

203 815 362 855 Claudia
395 816 525 854 divina
556 828 635 854 non
668 818 841 868 eguisset
873 829 969 867 ope.

57 882 122 914 145
142 873 222 913 Nos
255 886 410 925 quoque
443 876 678 925 praeteritos
710 876 794 913 sine
826 875 911 914 labe
943 877 1168 927 peregimus
1201 887 1347 914 annos:

201 933 384 972 Proxima
415 945 507 984 pars
539 935 639 972 vitae
672 933 925 973 transilienda
957 947 1089 973 meae.

144 991 221 1031 Sed
253 991 300 1031 de
333 1004 394 1030 me
428 998 472 1031 ut
503 992 667 1045 sileam,
700 994 872 1031 coniunx
903 1005 989 1032 mea
1021 994 1175 1032 sarcina
1206 998 1335 1032 vestra

428 1059 431 1062 “
877 1057 960 1090 est:
1315 1060 1371 1093 (11)

203 1109 290 1148 Non
321 1114 433 1161 potes
465 1108 566 1149 hanc
599 1110 702 1149 salva
734 1110 980 1149 dissimulare
1014 1110 1114 1150 fide.

144 1167 330 1219 Confugit
361 1168 456 1208 haec
490 1169 536 1207 ad
568 1181 635 1207 vos
654 1199 665 1221 ‚
697 1174 846 1208 vestras
879 1169 1129 1220 amplectitur
1153 1181 1240 1208 aras
1268 1192 1309 1196 —

57 1235 123 1266 150
203 1226 293 1265 Iure
326 1229 432 1266 venit
464 1227 590 1266 cultos
623 1227 670 1266 ad
703 1228 779 1267 sibi
811 1230 978 1279 quisque
1011 1228 1105 1267 deos
1133 1251 1177 1256 -

143 1285 339 1337 Flensque
372 1292 511 1338 rogat,
543 1286 729 1338 precibus
761 1286 882 1325 lenito
916 1286 1079 1326 Caesare
1112 1288 1281 1339 vestris,

202 1343 323 1384 Busta
354 1346 416 1383 sui
447 1345 542 1384 fiant
572 1350 616 1384 ut
647 1347 833 1396 propiora
865 1346 962 1385 viri.

649 1474 733 1521 III.

142 1577 252 1618 Hanc
282 1578 356 1618 tibi
385 1578 488 1618 Naso
520 1584 613 1618 tuus
646 1581 794 1632 mittit,
826 1580 965 1619 Rufine
984 1611 995 1633 ,
1028 1580 1217 1620 salutem:

202 1637 278 1683 Qui
309 1639 430 1677 miser
462 1643 550 1690 est,
582 1638 652 1677 ulli
684 1640 717 1677 si
750 1650 845 1677 suus
878 1651 965 1678 esse
997 1645 1150 1690 potest.

143 1696 308 1735 Reddita
341 1697 527 1736 confusae
560 1709 688 1748 nuper
719 1697 861 1736 solacia
892 1700 1016 1737 menti

200 1755 400 1794 Auxilium
431 1757 578 1794 nostris
610 1768 799 1807 spemque
831 1756 958 1795 tulere
990 1757 1124 1796 malis.

100 1821 120 1853 5
141 1812 268 1865 thue
301 1814 538 1853 Machaoniis
569 1814 781 1854 Poeantius
814 1815 965 1854 artibus
997 1815 1113 1854 heros

200 1872 338 1912 Lenito
371 1873 564 1912 medicam
596 1873 757 1912 vulnere
790 1875 914 1913 sensit
946 1887 1083 1926 opem,

142 1930 207 1970 Sic
240 1943 311 1982 ego
343 1937 474 1971 mente
505 1933 637 1971 iacens
670 1937 709 1971 et
741 1932 882 1971 acerbo
915 1934 1072 1972 saucius
1103 1934 1186 1972 ictu

200 1990 412 2029 Admonitu
445 1992 557 2041 coepi
588 1991 728 2029 fortior
761 2003 846 2030 esse
878 1997 971 2031 tuo:

140 2047 191 2087 Et
221 2049 298 2087 iam
330 2048 515 2088 deficiens
547 2050 604 2088 sic
636 2050 683 2088 ad
715 2055 782 2088 tua
813 2049 930 2088 verba
963 2051 1109 2101 revixi,

55 2114 97 2146 10
179 2106 228 2146 Ut
259 2107 359 2147 solet
390 2108 520 2147 infuso
553 2120 649 2147 vena
680 2108 810 2147 redire
843 2120 976 2148 mero.

139 2164 226 2205 Non
257 2171 387 2205 tamen
420 2166 597 2206 exhibuit
628 2173 756 2206 tantas
788 2167 969 2206 facundia
1000 2168 1124 2219 vires,

199 2224 250 2265 Ut
281 2238 367 2265 mea
399 2227 478 2265 sint
509 2226 625 2266 dietis
656 2231 817 2277 pectora
849 2237 941 2265 sana
972 2227 1075 2265 tuis,

140 2282 191 2323 Ut
221 2283 387 2324 multum
420 2285 552 2324 demas
584 2289 741 2323 nostrae
774 2284 821 2323 de
853 2286 1008 2336 gurgite
1041 2296 1182 2337 curae,

200 2341 287 2382 Non
317 2344 448 2383 minus
481 2343 670 2383 exhausto
703 2343 807 2394 quod
840 2342 1070 2396 superabit,
1103 2344 1200 2383 erit.
