1570 2527
456 108 522 142 ΠΙ.
550 115 610 139 vn
629 109 819 139 43—vn11
842 109 896 139 12.
1297 104 1351 146 51

1224 176 1244 191 Ο

124 217 206 257 Nec
231 216 406 268 caelum,
432 227 506 254 nec
532 227 655 267 aquae
677 215 849 266 faciunt,
876 227 949 254 nec
969 219 1098 266 terra,
1119 226 1193 253 nec
1219 225 1355 266 aurae3

125 276 173 315 Ei
203 276 330 327 mihi,
362 280 579 326 perpetuus
613 286 779 325 corpora
811 274 976 324 languor
1007 272 1148 312 habet!

62 343 106 374 25
128 335 207 373 Seu
238 335 376 373 vitiant
407 339 517 372 artus
550 345 688 384 aegrae
721 334 899 383 contagia
930 333 1097 384 mentis,

128 393 215 432 Sive
247 394 324 432 mei
357 403 473 431 causa
505 397 565 431 est
596 393 637 430 in
669 393 829 442 regione
862 391 976 443 mali,

126 451 176 490 Ut
201 453 313 502 tetigi
343 451 512 490 Pontum
531 481 542 503 ,
574 455 715 489 vexant
746 452 939 489 insomnia
958 481 968 501 ,
1000 450 1143 501 vixque

126 510 224 549 Ossa
255 512 353 561 tegit
385 511 529 548 macies
548 539 560 561 ,
591 521 664 548 nec
696 511 802 547 iuvat
834 521 901 547 ora
934 508 1070 560 cibus3

127 569 282 620 Quique
314 581 385 620 per
417 574 648 607 autumnum
680 569 880 619 percussis
913 567 1059 618 frigore
1092 567 1217 618 primo

61 637 106 667 30
127 627 198 667 Est
230 627 337 666 color
369 629 409 665 in
443 627 575 678 foliis,
608 639 708 678 quae
741 638 839 665 nova
870 625 982 664 laesit
1014 625 1163 677 hiems,

126 686 164 725 Is
195 698 281 725 mea
311 685 487 724 membra
519 691 656 737 tenet3
706 697 779 723 nec
812 684 961 723 viribus
995 684 1151 722 adlevor
1182 683 1296 736 ullis,

126 745 176 784 Et
206 756 419 794 numquam
452 743 608 794 queruli
640 755 756 782 causa
789 743 934 781 doloris
967 742 1099 781 abest.

126 803 205 842 Nec
225 803 365 842 melius
386 802 513 854 valeo,
541 813 657 853 quam
679 813 866 852 corpore,
885 807 1038 852 mente,
1072 800 1140 839 sed
1161 812 1276 852 aegra
1296 806 1357 839 est

126 862 300 913 Utraque
332 873 424 913 pars
455 873 579 911 aeque
611 860 781 911 binaque
814 859 952 898 damna
986 860 1092 898 sero.

61 930 105 961 35
127 921 271 960 Haeret
303 926 343 959 et
374 926 462 959 ante
496 919 630 958 oculos
663 919 783 958 veluti
816 917 1029 970 spectabile
1062 929 1207 969 corpus

126 982 237 1019 Astat
268 980 449 1019 fortunae
482 979 606 1017 forma
637 977 801 1029 legenda
834 989 965 1016 meae:

126 1038 303 1090 Cumque
346 1038 478 1077 locum
527 1049 736 1088 moresque
786 1036 990 1074 hominum
1040 1033 1249 1086 cultusque
1295 1046 1354 1073 so-

740 1107 914 1146 numque

128 1156 335 1196 Cernimus
354 1188 365 1208 ‚
397 1161 437 1195 et
468 1155 562 1207 quid
597 1156 669 1194 sim
703 1154 796 1205 quid
829 1155 1080 1205 fuerimque,
1114 1151 1243 1205 subit,

127 1215 277 1254 Tantus
309 1226 418 1253 amor
445 1216 553 1252 necis
587 1219 646 1253 est
664 1245 674 1266 ,
707 1225 851 1264 querar
879 1218 922 1251 ut
953 1224 1043 1250 cum
1065 1211 1242 1251 Caesaris
1274 1212 1355 1263 ira,

69 1283 113 1314 40
135 1273 247 1320 Quod
279 1285 357 1312 non
389 1274 557 1312 offensas
589 1272 761 1311 vindicet
793 1283 886 1310 ense
919 1283 1032 1310 suas.

128 1335 177 1371 At
209 1334 392 1383 quoniam
425 1331 545 1370 semel
578 1336 638 1370 est
671 1330 758 1369 odio
792 1329 958 1369 civiliter
990 1341 1113 1379 usus,

127 1391 274 1431 Mutato
307 1391 429 1430 levior
462 1392 512 1429 sit
544 1390 635 1440 fuga
667 1394 802 1428 nostra
834 1387 943 1427 loco!

601 1517 754 1564 VIIII.

130 1625 201 1665 Hic
234 1636 389 1677 quoque
423 1630 515 1664 sunt
545 1625 666 1674 igitur
699 1622 835 1662 Graiae
862 1644 916 1649 —
939 1624 1028 1674 quis
1066 1620 1275 1661 crederet?
1300 1643 1353 1649 —

740 1681 861 1720 urbes

127 1744 234 1783 Inter
266 1743 501 1782 inhumanae
534 1743 691 1780 nomina
723 1739 948 1792 barbariae3

129 1802 214 1842 Huc
247 1814 405 1854 quoque
437 1801 569 1839 Mileto
601 1801 711 1839 missi
743 1811 886 1838 venere
920 1798 1071 1851 coloni,

128 1862 251 1913 Inque
284 1861 392 1899 GetIs
426 1859 560 1899 Graias
587 1861 830 1898 constituere
864 1857 1011 1897 domos.

87 1929 107 1960 5
129 1921 205 1960 Sed
237 1926 350 1959 vetus
382 1919 473 1958 huic
505 1930 647 1957 nomen
678 1919 885 1970 positaque
918 1917 1117 1968 antiquius
1150 1915 1248 1954 urbe

130 1979 290 2018 Constat
323 1978 370 2017 ab
402 1977 560 2029 Absyrti
592 1977 710 2016 caede
742 1977 863 2015 fuisse
896 1975 1006 2014 loco.

128 2039 224 2077 Nam
257 2043 369 2089 rate,
403 2049 502 2089 quae
535 2049 629 2075 cura
660 2036 850 2087 pugnacis
883 2034 982 2072 facta
1013 2033 1209 2072 Minervae

127 2098 203 2136 Per
236 2109 315 2135 non
346 2100 556 2147 temptatas
587 2097 713 2147 prima
746 2094 924 2133 cucurrit
955 2104 1099 2144 aquas,
1173 2086 1179 2093 ’

130 2156 251 2207 Impia
282 2156 483 2195 desertum
515 2155 669 2205 fugiens
702 2154 836 2192 Medea
868 2157 1072 2203 parentem

67 2223 110 2255 10
130 2215 281 2254 Dicitur
311 2214 373 2254 his
405 2226 534 2253 remos
567 2213 802 2265 applicuisse
836 2210 967 2249 vadis.

131 2274 257 2319 Quem
288 2273 427 2325 procul
459 2279 503 2312 ut
534 2272 631 2311 vidit
662 2270 812 2310 tumulo
846 2268 1068 2321 speculator
1100 2268 1147 2307 ab
1180 2267 1280 2320 alto,

131 2329 325 2385 ‘Hospesss
358 2334 410 2371 ait
443 2329 578 2371 ‘nosco
597 2363 608 2383 ‚
641 2329 854 2381 Colchide,
887 2328 999 2380 vela,
1032 2329 1135 2366 venit
1151 2324 1175 2366 1³

1094 2393 1141 2428 423
