1570 2527
504 88 568 122 m.
595 87 656 122 1v1’
679 90 816 122 76——vi
837 91 869 121 9.
1304 86 1359 126 47

132 198 183 238 Et
214 197 347 237 faciles
379 202 509 236 motus
540 208 651 235 mens
684 208 875 247 generosa
906 196 1031 247 capit.

134 257 308 309 Corpora
340 257 585 307 magnanimo
619 256 713 294 satis
745 261 806 294 est
836 260 1056 307 prostrasse
1088 254 1217 307 leoni,

132 316 268 367 Pugna
299 327 415 354 suum
447 315 594 366 finem,
626 326 717 353 cum
748 315 850 353 iacet
881 313 1034 366 hostis,
1066 313 1206 353 habet:

68 381 112 414 35
133 375 182 414 At
212 374 329 426 lupus
362 379 402 413 et
434 380 570 424 turpes
601 374 748 412 instant
780 372 1039 412 morientibus
1073 374 1155 412 ursi

132 432 182 472 Et
213 444 485 484 quaecumque
517 433 646 471 minor
678 431 880 470 nobilitate
913 432 1018 470 fera.

132 492 258 531 Maius
290 491 392 543 apud
425 491 582 530 Troiam
615 491 709 529 forti
741 490 833 542 quid
867 489 1057 529 habemus
1089 487 1272 529 Achille?

132 550 316 590 Dardanii
347 550 528 589 lacrimas
560 561 639 588 non
671 549 761 588 tulit
791 548 855 588 ille
889 550 1017 588 senis.

133 609 240 655 Quae
274 609 385 649 ducis
417 608 588 648 Emathii
619 608 739 647 fuerit
771 607 1000 660 clementia,
1033 607 1159 646 Porus

67 676 112 708 40
133 668 328 719 Dareique
360 667 502 706 docent
533 667 685 706 funeris
718 668 930 717 exequiae.

131 726 237 766 Neve
269 726 471 764 hominum
503 725 673 764 referam
704 725 824 763 flexas
857 725 904 763 ad
936 726 1070 763 mitius
1102 726 1202 777 iras,

131 785 293 824 Iunonis
325 796 447 836 gener
479 789 567 836 est,
600 784 668 834 qui
700 784 810 834 prius
841 782 967 822 hostis
1000 788 1103 821 erat.

132 844 309 895 Denique
341 855 420 882 non
451 854 614 894 possum
646 841 790 881 nullam
824 853 984 893 sperare
1017 841 1206 893 salutem,

133 902 231 942 Cum
263 914 412 954 poenae
444 913 524 940 non
556 902 607 940 sit
639 912 755 940 causa
788 906 952 939 cruenta
984 911 1117 939 meae.

68 968 112 1001 45
133 961 219 1000 Non
250 960 376 1013 mihi,
410 961 617 1012 quaerenti
648 958 903 1012 pessumdare
937 964 1108 1011 cuncta,
1139 960 1306 1010 petitum

133 1020 368 1059 Caesareum
401 1025 518 1070 caput
550 1024 609 1058 est
628 1049 639 1070 ‚
671 1018 776 1070 quod
809 1023 927 1070 caput
959 1017 1066 1056 orbis
1099 1024 1202 1070 erat3

132 1079 218 1118 Non
251 1078 396 1129 aliquid
428 1078 508 1117 dixi
540 1077 759 1129 violataque
791 1076 924 1128 lingua
956 1076 1153 1128 loquendo
1188 1082 1248 1116 est

132 1138 336 1189 Lapsaque
369 1143 462 1176 sunt
492 1137 613 1175 nimio
646 1135 763 1176 verba
796 1136 958 1187 profana
990 1147 1123 1174 mero:

134 1196 260 1236 Inscia
294 1196 398 1247 quod
431 1197 580 1235 crimen
612 1195 798 1234 viderunt
830 1195 1004 1246 lumina,
1037 1194 1212 1247 plector,

68 1264 112 1295 50
133 1256 421 1306 peccatumque
454 1254 590 1294 oculos
623 1260 683 1294 est
714 1253 900 1293 habuisse
933 1265 1087 1292 meum.

131 1314 217 1353 Non
250 1313 434 1365 equidem
466 1318 585 1353 totam
618 1325 779 1365 possum
812 1312 1024 1353 defendere
1057 1311 1234 1363 culpam:

133 1372 210 1412 Sed
241 1378 393 1425 partem
424 1374 551 1411 nostri
583 1373 760 1411 criminis
792 1383 904 1410 error
935 1371 1076 1410 habet.

134 1432 232 1483 Spes
264 1433 385 1482 igitur
417 1436 627 1482 superest,
660 1431 887 1482 facturum,
918 1435 962 1468 ut
994 1428 1142 1468 molliat
1173 1429 1257 1480 ipse

134 1490 274 1529 Mutati
305 1501 470 1541 poenam
503 1489 733 1528 condicione
765 1488 863 1527 loci.

70 1558 113 1589 55
133 1548 214 1588 Hos
246 1549 397 1587 utinam
430 1547 544 1587 nitidi
577 1547 678 1586 Solis
710 1548 970 1599 praenuntius
1003 1553 1114 1586 ortus

133 1608 279 1648 Afferat
311 1607 480 1646 admisso
512 1606 673 1646 Lucifer
706 1605 817 1645 albus
850 1604 972 1657 equo!

646 1734 725 1782 VI.

131 1841 286 1881 Foedus
319 1843 511 1882 amicitiae
544 1854 617 1881 nec
649 1843 706 1880 vis
725 1873 736 1893 ,
769 1841 1001 1894 carissime,
1035 1845 1216 1893 nostrae,

130 1901 211 1940 Nec
244 1903 277 1940 si
308 1902 410 1940 forte
442 1901 537 1940 velis
556 1933 567 1954 ,
600 1900 848 1940 dissimulare
881 1905 1015 1952 potes.

130 1959 262 1999 Donec
295 1961 399 1999 enim
428 1960 568 2012 licuit,
600 1972 673 1999 nec
706 1964 744 1998 te
778 1959 873 1997 mihi
905 1960 1032 1997 carior
1064 1958 1186 2010 alter,

131 2018 211 2057 Nec
243 2018 315 2058 tihi
347 2031 407 2057 me
442 2024 521 2057 tota
552 2019 725 2057 iunctior
757 2017 861 2056 Urbe
895 2017 991 2056 fuit.

89 2086 108 2116 5
131 2077 246 2129 Isque
279 2083 363 2116 erat
394 2089 520 2129 usque
553 2077 648 2117 adeo
680 2076 825 2129 populo
861 2080 1050 2127 testatus,
1082 2080 1126 2114 ut
1159 2081 1263 2114 esset

129 2136 258 2175 Paene
290 2138 413 2188 magis
446 2148 562 2188 quam
593 2142 636 2176 tu
670 2147 864 2187 quamque
898 2146 967 2185 ego
1010 2139 1157 2186 notus,
1191 2145 1320 2173 amor.

132 2194 306 2247 [Quique
338 2201 399 2235 est
429 2197 470 2235 in
503 2197 603 2235 caris
636 2196 755 2234 animi
787 2193 859 2233 tibi
890 2193 1036 2232 candor
1067 2194 1225 2232 amicis.

130 2253 292 2305 Cognita
325 2260 417 2294 sunt
447 2256 553 2307 ipsi,
586 2266 702 2306 quem
735 2252 830 2292 colis
849 2283 860 2305 ,
892 2253 966 2291 ista
997 2252 1080 2291 viro
1098 2251 1125 2302 .]

130 2312 192 2352 Nil
224 2314 278 2352 ita
309 2312 493 2367 celabas,
525 2319 570 2353 ut
602 2325 680 2352 non
714 2324 784 2363 ego
818 2312 1001 2351 conscius
1034 2323 1183 2363 essem,
