1570 2527
163 141 218 183 68
718 144 943 176 TRISTIUM

217 258 260 290 70
280 250 507 302 Purpureus
540 250 646 289 molli
677 251 743 290 fiat
773 252 814 290 in
849 263 916 290 ore
948 251 1098 303 pudor.

282 309 359 347 Sed
391 310 512 359 magis
543 310 584 347 in
616 321 750 347 curam
780 311 906 348 nostri
936 321 1129 361 consurge
1161 310 1319 361 tuendi,

280 367 590 418 Exemplumque
621 367 717 405 mihi
749 369 925 419 coniugis
958 374 1041 407 esto
1073 368 1223 420 bonae,

280 425 558 475 Materiamque
591 427 669 464 tuis
700 426 854 465 tristem
885 426 1096 465 virtutibus
1127 425 1269 477 imple:

280 483 410 522 Ardua
441 494 512 534 per
543 495 731 535 praeceps
762 483 885 535 gloria
914 485 1019 522 vadit
1048 486 1147 523 iter.

218 550 260 581 75
282 541 450 580 Hectora
482 543 569 592 quis
601 547 765 593 nosset,
794 542 887 580 felix
918 544 952 581 si
982 542 1099 581 Troia
1129 540 1303 581 fuisset?

281 599 442 638 Publica
474 601 629 638 virtutis
660 611 731 651 per
762 600 860 638 mala
892 601 992 639 facta
1022 602 1083 639 via
1114 607 1196 639 est.

280 659 354 696 Ars
380 664 470 709 tua,
495 657 644 709 Tiphy,
670 664 802 709 vacet,
829 660 862 697 si
888 671 966 697 non
993 660 1043 697 sit
1067 660 1107 697 in
1134 670 1304 710 aequore
1328 658 1496 697 fluctus:

283 716 324 754 Si
355 715 507 754 valeant
537 716 714 755 homines
733 747 744 768 ,
776 728 838 755 ars
871 723 936 756 tua
955 748 965 767 ‚
996 716 1183 768 Phoebe,
1216 722 1347 755 vacet.

282 774 387 820 Quae
420 774 513 813 latet
542 775 662 824 inque
693 773 806 813 bonis
838 781 966 814 cessat
999 787 1078 813 non
1110 776 1265 826 cognita
1294 774 1440 827 rebus,

217 841 261 872 80
282 834 452 884 Apparet
482 833 606 871 virtus
639 834 893 884 arguiturque
925 833 1059 872 malis.

282 890 354 929 Dat
386 889 457 929 tibi
487 896 621 929 nostra
653 890 783 929 locum
814 891 916 930 tituli
949 892 1106 930 fortuna
1125 922 1136 943 ‚
1162 896 1357 942 caputque

282 949 545 999 Conspicuum
577 950 701 998 pietas
734 961 808 1000 qua
841 956 907 989 tua
938 949 1076 1001 tollat,
1106 949 1245 988 habet.

281 1007 399 1046 L'tere
426 1006 667 1058 temporibus
687 1039 697 1058 ,
730 1019 898 1058 quorum
930 1020 1034 1047 nunc
1065 1019 1229 1047 munere
1254 1005 1285 1058 †
1311 1008 1410 1047 freta
1440 1014 1500 1047 est

281 1065 331 1104 Et
362 1070 467 1116 patet
498 1066 539 1103 in
569 1064 703 1104 laudes
736 1077 825 1104 area
857 1078 995 1117 magna
1025 1065 1135 1106 tuas!

794 1193 875 1240 IV.

284 1298 314 1337 Ο
349 1299 444 1349 qui,
476 1297 698 1337 nominibus
731 1310 821 1337 cum
853 1300 906 1337 sis
938 1310 1153 1349 generosus
1185 1310 1368 1346 avorum,

282 1356 505 1407 Exsuperas
538 1368 692 1395 morum
723 1356 923 1395 nobilitate
956 1369 1102 1407 genus,

285 1414 404 1453 Cuius
435 1416 539 1453 inest
571 1416 698 1453 animo
730 1417 845 1466 patrii
877 1415 1057 1454 candoris
1088 1417 1238 1467 imago,

284 1472 370 1511 Non
402 1478 531 1511 careat
562 1474 693 1512 nervis
725 1472 870 1512 candor
902 1479 946 1512 ut
975 1475 1049 1512 iste
1081 1475 1186 1525 suis,

245 1540 264 1569 5
287 1531 405 1569 Cuius
437 1533 477 1569 in
509 1532 664 1582 ingenio
697 1538 755 1570 est
786 1532 934 1583 patriae
966 1531 1146 1570 facundia
1177 1531 1354 1583 linguae,

286 1589 370 1634 Qua
401 1591 508 1640 prior
539 1591 580 1627 in
611 1588 720 1628 Latio
752 1602 828 1628 non
863 1591 936 1628 fuit
968 1590 1044 1628 ulla
1074 1591 1160 1629 foro
1186 1612 1232 1617 —

288 1647 400 1692 Quod
432 1649 589 1686 minime
621 1647 754 1699 volui,
785 1650 924 1699 positis
956 1660 1026 1700 pro
1058 1650 1215 1687 nomine
1247 1650 1368 1700 signis

287 1705 421 1744 Dictus
454 1718 525 1744 es:
574 1708 752 1756 ignoscas
783 1706 963 1745 laudibus
994 1708 1078 1757 ipse
1110 1707 1213 1746 tuis!
1243 1716 1254 1728 ·

287 1763 350 1802 Nil
381 1775 451 1814 ego
483 1765 669 1815 peccavi3
701 1770 768 1803 tua
798 1770 837 1803 te
869 1764 970 1803 bona
1002 1767 1156 1815 cognita
1185 1765 1379 1816 produnt.

227 1831 267 1861 10
290 1821 332 1860 Si
364 1821 466 1873 quod
499 1834 540 1860 es
559 1853 570 1873 ,
602 1833 765 1873 appares
784 1853 795 1873 ,
827 1822 941 1873 culpa
972 1823 1097 1862 soluta
1131 1836 1215 1862 mea
1246 1830 1329 1862 est.

287 1879 366 1918 Nec
400 1886 529 1918 tamen
561 1881 734 1919 officium
764 1887 899 1920 nostro
938 1881 1009 1920 tibi
1041 1884 1212 1921 carmine
1242 1882 1388 1921 factum

288 1938 472 1989 Principe
503 1945 582 1977 tam
612 1940 717 1977 iusto
748 1951 863 1990 posse
895 1952 1038 1978 nocere
1070 1946 1187 1992 puto.

289 1996 375 2047 Ipse
407 2002 518 2048 pater
549 1999 696 2048 patriae
722 2019 768 2024 —
800 1997 893 2048 quid
926 2000 1030 2037 enim
1062 2005 1122 2038 est
1154 1999 1304 2038 civilius
1335 1997 1437 2038 illo?
1461 2019 1507 2026 --

292 2054 468 2094 Sustinet
498 2057 539 2094 in
571 2062 706 2094 nostro
739 2058 909 2094 carmine
943 2068 1057 2108 saepe
1089 2057 1186 2108 legi.

229 2122 270 2151 15
291 2112 370 2152 Nec
402 2113 610 2164 prohibere
642 2120 801 2166 potest,
839 2116 929 2165 quia
960 2126 1023 2154 res
1062 2122 1122 2154 est
1158 2115 1312 2167 publica
1344 2115 1508 2168 Caesar,

290 2170 341 2209 Et
372 2171 418 2210 de
453 2174 649 2211 communi
679 2185 769 2223 pars
801 2185 955 2224 quoque
988 2180 1122 2213 nostra
1152 2173 1254 2212 bono
1288 2180 1369 2214 est.

293 2228 466 2280 Iuppiter
498 2232 664 2281 ingeniis
696 2231 857 2282 praebet
888 2243 957 2270 sua
988 2234 1148 2271 numina
1178 2238 1334 2286 vatum,

294 2287 422 2338 Seque
456 2288 647 2328 celebrari
679 2289 853 2340 quolibet
884 2302 951 2328 ore
984 2292 1098 2329 sinit.

295 2344 417 2385 Causa
448 2353 514 2386 tua
547 2347 722 2398 exemplo
755 2360 987 2400 superorum
1019 2355 1100 2388 tuta
1133 2349 1301 2389 duorum
1332 2357 1415 2403 est,
