1570 2527
203 82 260 123 48
760 83 949 116 TRISTIU
950 84 986 116 M

260 200 302 231 10
322 191 633 242 Pectoribusque
666 189 783 230 dabas
815 191 937 230 multa
970 191 1133 243 tegenda
1165 193 1288 232 meis:

324 249 473 301 Cuique
507 261 576 300 ego
608 249 814 288 narrabam
846 252 990 289 secreti
1022 251 1209 301 quicquid
1240 250 1453 305 habebam,

321 308 495 359 Excepto
529 307 632 358 quod
664 320 726 346 me
758 307 958 360 perdidit,
990 321 1093 347 unus
1125 320 1235 347 eras.

322 366 363 405 Id
397 378 553 417 quoque
586 368 618 405 si
650 368 791 405 scisses
810 398 820 418 ,
853 366 956 405 salvo
988 366 1166 406 fruerere
1198 367 1344 421 sodali,

323 424 573 475 Consilioque
606 425 730 463 sorem
764 437 899 476 sospes
918 456 928 476 ,
961 426 1112 477 amice,
1144 431 1235 465 tu0.

259 492 300 522 15
324 483 400 521 Sed
431 494 516 522 mea
548 495 608 522 me
641 484 681 522 in
713 495 877 533 poenam
909 484 1096 521 nimirum
1127 483 1203 522 fata
1234 483 1465 525 trahebant:

322 541 445 580 Omne
477 541 601 580 bonae
633 541 816 580 claudent
847 540 1026 580 utilitatis
1057 543 1157 581 iter.

323 599 411 638 Sive
443 600 586 638 malum
619 601 730 650 potui
760 605 890 638 tamen
921 599 996 638 hoc
1028 601 1150 638 vitare
1183 600 1376 653 cavendo,

323 658 401 696 Seu
433 659 532 697 ratio
566 658 686 697 fatum
718 659 876 697 vincere
907 658 1013 697 nulla
1045 657 1169 697 valet:

321 716 381 755 Tu
412 722 570 768 tamen,
603 729 625 755 o
658 716 770 755 nobis
803 728 877 755 usu
909 718 1155 755 iunctissime
1187 716 1329 769 longo,

257 782 301 813 20
321 774 415 813 Pars
448 775 635 813 desiderii
665 776 830 813 maxima
860 787 983 826 paene
1016 776 1118 826 mei,

323 833 384 872 Sis
415 845 565 872 memor
584 865 595 885 ,
627 839 666 872 et
697 835 829 884 siquas
862 833 955 872 fecit
986 832 1057 871 tibi
1088 835 1210 884 gratia
1242 834 1370 885 vires,

322 891 408 930 Illas
440 904 511 942 pro
544 891 657 929 nobis
690 893 923 943 experiare,
954 903 1072 943 rogo,

321 950 500 988 Numinis
531 955 576 989 ut
608 950 702 988 laesi
734 950 799 988 fiat
830 951 1072 988 mansuetior
1103 950 1184 1002 ira,

321 1008 547 1059 Mutatoque
580 1009 708 1047 minor
741 1009 792 1046 sit
823 1020 908 1047 mea
940 1020 1065 1058 poena
1097 1007 1206 1047 loco.

257 1066 442 1117 251dque
474 1068 555 1118 ita,
589 1068 622 1105 si
655 1066 804 1105 nullum
838 1067 965 1105 scelus
999 1071 1057 1105 est
1088 1067 1129 1105 in
1160 1071 1320 1117 pectore
1352 1071 1512 1120 nostro,

321 1125 644 1176 principiumque
677 1126 754 1163 mei
786 1126 962 1163 criminis
995 1136 1106 1163 error
1137 1124 1277 1163 habet.

320 1183 400 1222 Nec
432 1182 550 1222 breve
589 1195 661 1222 nec
693 1188 850 1235 tutum,
884 1195 960 1234 quo
993 1184 1072 1222 sint
1102 1194 1216 1235 mea,
1250 1183 1410 1236 dicere,
1449 1195 1542 1223 casu

320 1240 485 1280 Lumina
517 1242 663 1280 funesti
695 1243 850 1280 conscia
882 1242 981 1280 facta
1012 1241 1127 1293 mali;

320 1299 508 1351 Mensque
540 1300 798 1351 reformidat,
831 1299 951 1338 veluti
984 1311 1053 1339 sua
1084 1299 1274 1352 vulnera,
1306 1305 1460 1351 tempus

257 1366 300 1397 30
321 1357 419 1396 Illud
438 1389 448 1409 ,
481 1363 519 1396 et
551 1358 751 1397 admonitu
782 1359 825 1396 fit
856 1370 979 1397 novus
1010 1360 1094 1409 ipse
1126 1357 1282 1409 pudor,

320 1416 369 1455 Et
402 1428 672 1467 quaecumque
704 1416 799 1455 adeo
833 1422 999 1467 possunt
1030 1417 1170 1455 afferre
1201 1415 1393 1466 pudorem
1412 1447 1423 1464 ,

321 1474 388 1513 Illa
420 1476 499 1525 tegi
530 1487 644 1514 caeca
677 1475 833 1514 condita
864 1480 978 1514 nocte
1011 1475 1124 1513 decet
1143 1504 1152 1513 .

321 1532 382 1571 Nil
413 1534 534 1584 igitur
566 1533 733 1572 referam
751 1565 762 1585 ,
794 1534 870 1572 nisi
901 1545 962 1572 me
994 1545 1209 1585 peccasse,
1242 1532 1310 1571 sed
1341 1531 1407 1571 illo

320 1591 496 1630 Praemia
526 1598 687 1643 peccato
720 1591 825 1630 nulla
855 1593 977 1642 petita
1008 1591 1126 1643 mihi,

257 1657 300 1688 35
323 1649 613 1700 stultitiamque
646 1662 776 1704 meum
810 1651 956 1688 crimen
990 1650 1133 1688 debere
1166 1649 1319 1700 vocari,

321 1707 484 1746 Nomina
517 1709 550 1746 si
582 1708 682 1746 facto
716 1707 881 1746 reddere
913 1720 1004 1747 vera
1033 1707 1158 1746 velis.

321 1765 427 1811 Quae
460 1767 494 1804 si
525 1778 603 1804 non
634 1767 686 1804 ita
720 1772 811 1804 sunt
832 1787 889 1793 -
916 1765 1062 1817 alium,
1097 1778 1173 1816 quo
1205 1765 1360 1816 longius
1393 1764 1539 1817 absim,

322 1823 498 1869 Quaere!
527 1846 581 1851 —
609 1823 832 1863 suburbana
865 1830 925 1863 est
956 1824 1019 1863 hic
1051 1824 1148 1863 mihi
1179 1829 1285 1863 terra
1315 1823 1448 1863 locus.

820 1951 923 1999 VII.

320 2056 423 2096 Vade
456 2057 664 2097 salutatum
683 2089 694 2110 ,
725 2056 854 2096 subito
887 2063 1094 2110 perarata,
1126 2056 1329 2109 Perillam,

319 2115 496 2168 Littera,
529 2117 721 2156 sermonis
753 2115 828 2154 fida
859 2117 1038 2154 ministra
1069 2114 1170 2154 mei!

319 2174 396 2212 Aut
428 2174 532 2213 illam
564 2176 742 2214 invenies
774 2173 878 2213 dulci
909 2186 998 2213 cum
1030 2180 1154 2213 matre
1183 2173 1410 2226 sedentem,

319 2231 396 2270 Aut
429 2234 532 2271 inter
564 2232 685 2272 libros
717 2232 971 2284 Pieridasque
1004 2244 1116 2271 suaS.

279 2297 299 2327 5
323 2289 517 2342 Quicquid
551 2297 666 2344 aget,
700 2303 788 2331 cum
820 2297 858 2330 te
892 2292 1026 2330 scierit
1057 2292 1239 2345 venisse,
1271 2289 1492 2341 relinquet,
