1570 2527
140 125 226 167 340
680 125 939 157 FASTORUM

316 234 511 285 Laetaque
543 245 741 284 purpurea
773 233 859 272 luce
892 233 1046 272 refulsit
1076 234 1241 274 humus.

259 293 345 332 Non
379 292 559 343 equidem
585 292 664 330 vidi
688 315 735 319 —
760 291 912 330 valeant
937 292 1137 331 mendacia
1168 299 1298 332 vatum
1321 315 1368 321 —-
1404 302 1479 334 (202)

318 351 371 389 Te
391 382 402 402 ,
435 350 536 403 dea3
567 362 639 388 nec
672 350 803 389 fueras
835 351 1058 401 aspicienda
1091 352 1196 391 viro.

173 418 239 449 255
261 410 336 448 Sed
370 421 468 460 quae
500 410 718 447 nescieram
736 440 746 460 ,
780 421 1026 459 quorumque
1059 421 1194 448 errore
1228 409 1412 463 tenebar,

320 467 482 518 Cognita
514 474 606 506 sunt
637 467 742 505 nullo
774 469 1039 518 praecipiente
1072 468 1189 506 mihi.

261 527 366 566 Dena
399 532 536 577 quater
568 525 786 564 memorant
817 525 1001 564 habuisse
1032 525 1173 565 Parilia
1204 526 1390 578 Romam,

320 585 416 623 Cum
448 584 624 622 flammae
658 590 790 623 custos
822 584 916 622 aede
949 590 1105 635 recepta
1138 585 1208 623 dea
1240 590 1322 624 est.

262 643 380 694 Regis
412 655 510 694 opus
542 643 711 693 placidi,
745 655 822 694 quo
853 655 931 681 non
965 645 1205 682 metuentius
1237 643 1359 683 ullum

175 710 242 741 260
322 702 502 740 Numinis
534 703 735 752 ingenium
767 707 871 740 terra
905 701 1045 740 Sabina
1078 702 1188 741 tulit.

263 760 369 805 Quae
403 773 507 798 nune
540 772 629 798 aere
662 760 769 798 vides
788 790 799 811 ‚
832 760 973 810 stipula
1006 765 1089 798 tum
1121 765 1224 799 tecta
1255 760 1432 812 videres,

324 818 372 858 Et
404 820 533 869 paries
566 818 670 856 lento
704 820 844 856 vimine
876 824 1007 857 textus
1039 825 1144 858 erat.

265 877 336 916 Hic
369 878 478 916 locus
511 879 705 928 exiguus,
739 878 804 927 qui
839 879 1006 915 sustinet
1038 878 1145 915 Atria
1177 876 1338 929 Vestae,

323 936 433 974 Tunc
467 942 550 974 erat
581 936 727 973 intonsi
759 937 864 985 regia
897 947 1033 986 magna
1065 935 1236 974 Numae.

177 1002 244 1034 265
265 994 405 1033 Forma
436 1000 566 1033 tamen
599 993 733 1044 templi
772 1006 869 1044 quae
909 1006 1012 1032 nuno
1045 999 1204 1046 manet,
1242 999 1330 1033 ante
1362 994 1482 1033 fuisse

326 1053 506 1104 Dicitur3
540 1058 578 1090 et
610 1053 756 1090 formae
790 1064 904 1090 causa
937 1052 1134 1102 probanda
1168 1052 1325 1091 subest.

265 1111 379 1150 Vesta
406 1111 564 1162 eadem,
593 1122 692 1161 quae
718 1116 822 1148 terra
844 1142 850 1148 .
902 1110 1038 1148 subest
1064 1110 1153 1161 vigil
1178 1112 1279 1161 ignis
1305 1111 1485 1162 utrique:

327 1170 554 1220 Significant
586 1169 718 1207 sedem
752 1174 856 1206 terra
887 1169 1078 1219 focusque
1112 1181 1243 1208 suam.

268 1227 389 1266 Terra
420 1228 519 1278 pilae
553 1226 718 1278 similis,
752 1227 856 1264 nullo
890 1227 1089 1266 fulcimine
1122 1229 1231 1276 nixa,

181 1295 248 1326 270
328 1287 428 1325 Aere
461 1286 637 1324 subiecto
670 1291 748 1323 tam
780 1297 895 1335 grave
927 1286 1072 1336 pendet
1104 1298 1226 1325 onus.

269 1345 373 1397 [ipsa
407 1344 625 1383 volubilitas
657 1343 841 1382 libratum
874 1346 1042 1382 sustinet
1073 1344 1232 1396 orbem,

328 1404 481 1455 Quique
514 1408 666 1454 premat
697 1409 856 1454 partes,
889 1402 1054 1453 angulus
1086 1405 1212 1441 omnis
1244 1403 1375 1443 abest,

268 1463 443 1513 Cumque
477 1464 527 1500 sit
557 1463 597 1500 in
630 1461 754 1499 media
783 1473 920 1512 rerum
952 1463 1112 1512 regione
1144 1461 1292 1514 locata,

327 1521 376 1559 Et
408 1526 540 1571 tangat
572 1519 719 1558 nullum
752 1519 888 1570 plusve
921 1521 1098 1559 minusve
1129 1520 1254 1572 latus,

182 1588 249 1619 275
270 1580 317 1618 Ni
350 1592 519 1618 convexa
554 1579 683 1630 foret,
715 1580 816 1629 parti
848 1579 1011 1616 vicinior
1043 1584 1169 1630 esset,

326 1638 406 1676 Nec
438 1637 610 1676 medium
642 1643 786 1675 terram
819 1637 988 1675 mundus
1021 1637 1184 1676 haberet
1215 1649 1314 1677 onus
1329 1637 1355 1687 .]

270 1697 363 1735 Arte
398 1696 601 1747 Syracosia
634 1707 849 1746 suspensus
881 1697 920 1733 in
953 1699 1041 1734 aere
1075 1696 1206 1735 clauso

330 1754 415 1793 Stat
446 1754 584 1803 globus
603 1784 613 1804 ,
645 1755 825 1791 immensi
857 1765 974 1803 parva
1005 1754 1129 1804 figura
1160 1754 1263 1806 poli,

272 1812 320 1851 Et
352 1818 540 1863 quantum
573 1824 593 1849 a
626 1813 787 1849 summis
807 1843 817 1862 ,
849 1817 1000 1849 tantum
1033 1814 1196 1850 secessit
1226 1812 1274 1850 ab
1305 1813 1393 1851 imis

189 1879 255 1910 280
335 1871 485 1922 Terra3
519 1869 621 1921 quod
655 1875 698 1908 ut
729 1870 823 1920 fiat,
856 1869 978 1907 forma
1011 1870 1177 1908 rotunda
1209 1871 1324 1910 facit:

271 1930 345 1968 Par
378 1930 495 1967 facies
527 1928 691 1979 templi3
724 1928 853 1966 nullus
885 1930 1084 1978 procurrit
1114 1930 1154 1967 in
1186 1928 1251 1967 illo
1414 1937 1489 1969 (203)

330 1987 534 2039 Angulus,
567 1999 586 2025 a
618 1986 749 2037 pluvio
781 1986 949 2025 vindicat
981 1986 1106 2025 imbre
1139 1987 1295 2027 tholus.

272 2047 350 2085 Cur
383 2048 433 2085 sit
464 2047 648 2096 virgineis
667 2076 678 2096 ‚
711 2047 866 2096 quaeris
885 2076 895 2096 ,
927 2044 998 2083 dea
1030 2045 1133 2084 culta
1164 2044 1389 2085 ministris?

331 2105 529 2143 Inveniam
561 2115 697 2142 causas
730 2104 800 2142 hac
833 2115 988 2154 quoque
1020 2109 1131 2154 parte
1165 2116 1278 2143 suas.

185 2171 251 2201 ‘285
272 2163 329 2201 Ex
363 2163 444 2214 Ope
478 2162 666 2201 Iunonem
698 2168 915 2200 memorant
947 2161 1209 2213 Cereremque
1243 2168 1393 2202 creatas

333 2221 488 2259 Semine
523 2221 709 2272 Saturni3
740 2222 856 2259 tertia
888 2219 1003 2259 Vesta
1035 2221 1130 2259 suit.

273 2279 444 2330 Utraque
477 2285 727 2331 nupserunt,
759 2278 892 2318 ambae
924 2280 1124 2330 peperisse
1158 2280 1362 2332 feruntur3

333 2337 386 2376 De
419 2337 546 2376 tribus
578 2340 785 2389 impatiens
817 2339 962 2377 restitit
994 2349 1068 2376 una
1102 2339 1197 2376 viri.
