1570 2527
169 136 251 177 332
702 137 955 169 FASTORUM

741 265 807 307 22.
840 265 922 307 FN

284 349 404 388 Nocte
438 353 627 400 sequente
660 348 762 388 diem
795 351 901 388 canis
935 349 1168 400 Erigoneius
1201 352 1302 389 exit.

342 407 412 446 Est
443 407 516 446 alio
550 409 651 458 signi
683 408 835 446 reddita
867 420 982 447 causa
1015 408 1122 448 loco.

640 499 707 540 23.
741 498 778 540 G
804 498 1021 540 TVB-N2

197 591 261 621 725
286 583 465 621 Proxima
497 582 656 621 Volcani
688 582 754 621 lux
787 588 875 634 est,
908 583 1148 622 Tubilustria
1181 584 1337 623 dicunt:
1424 594 1496 625 (190)

342 640 578 680 Lustrantur
610 653 730 692 purae
749 672 760 692 ,
793 654 888 692 quas
922 642 1013 680 facit
1044 642 1107 680 ille
1127 674 1137 694 ,
1169 642 1308 681 tubae.

639 732 705 774 24.
739 731 1025 780 HQ-R-C·F

284 815 476 861 Quattuor
508 815 598 854 inde
631 818 733 854 notis
766 816 874 855 locus
914 822 1001 869 est,
1042 816 1185 868 quibus
1217 818 1354 857 ordine
1386 818 1496 857 lectis

342 874 409 912 Vel
441 886 524 912 mos
557 886 756 913 sacrorum
776 906 787 926 ‚
820 875 879 913 vel
911 875 999 926 fuga
1032 877 1136 926 regis
1167 877 1291 916 inest.

383 966 449 1006 25.
483 963 563 1006 AO
628 966 694 1006 26.
727 964 804 1006 BC
866 966 932 1006 27.
966 964 1039 1007 CC
1102 967 1168 1008 28.
1201 965 1280 1008 DC

503 1023 570 1064 29.
603 1022 680 1064 EC
744 1024 810 1064 30.
842 1022 917 1064 FC
981 1024 1046 1064 31.
1074 1023 1151 1064 GC

282 1106 361 1145 Nec
395 1113 432 1145 te
465 1114 698 1158 praetereo,
732 1107 866 1157 populi
898 1107 1069 1146 Fortuna
1102 1109 1273 1158 potentis

194 1173 263 1204 730
343 1165 501 1204 Publica
521 1196 531 1212 ‚
565 1167 628 1203 cui
660 1165 848 1216 templum
881 1165 967 1204 luce
1001 1172 1189 1216 sequente
1222 1166 1354 1205 datum
1385 1173 1466 1206 est.

282 1223 387 1262 Hanc
420 1223 487 1262 uhi
520 1223 626 1262 dives
659 1225 770 1274 aquis
804 1225 1000 1275 acceperit
1030 1224 1288 1277 Amphitrite,

341 1282 456 1320 Grata
489 1281 569 1320 Iovi
602 1281 727 1320 fulvae
761 1288 887 1320 rostra
920 1281 1068 1320 videbis
1101 1284 1202 1321 avis.

281 1341 441 1379 Auferet
474 1352 521 1378 ex
554 1340 678 1379 oculis
711 1342 871 1379 veniens
904 1353 1042 1379 aurora
1076 1340 1246 1392 Booten,

340 1399 614 1450 Continuoque
647 1398 709 1437 die
742 1399 850 1437 sidus
883 1398 1043 1450 Hyantis
1076 1401 1172 1437 erit.

599 1581 780 1633 LIBER
818 1581 1067 1635 SEXTUS.

281 1702 351 1740 Hic
386 1714 540 1752 quoque
575 1704 720 1740 mensis
752 1701 868 1741 habet
900 1702 1037 1741 dubias
1075 1704 1114 1741 in
1147 1704 1303 1741 nomine
1336 1715 1493 1743 causas.

340 1760 446 1805 Quae
480 1760 685 1810 placeant,
718 1762 854 1811 positis
887 1761 1070 1799 omnibus
1102 1762 1184 1811 ipse
1217 1761 1342 1812 leges.

281 1817 396 1856 Facta
429 1830 590 1868 cauam,
624 1818 690 1855 sed
725 1824 866 1868 erunt,
894 1820 961 1868 qui
987 1830 1047 1856 me
1074 1819 1230 1857 finxisse
1263 1819 1494 1871 loquantur,

340 1876 529 1927 Nullaque
563 1875 716 1914 mortali
750 1877 907 1913 numina
941 1877 1020 1914 visa
1052 1883 1212 1927 putent.

241 1944 258 1974 5
280 1934 350 1973 Est
383 1935 478 1973 deus
510 1936 550 1972 in
583 1933 695 1972 nobis
715 1965 725 1985 ,
758 1936 926 1985 agitante
960 1934 1188 1973 calescimus
1220 1935 1307 1974 illo:

339 1993 511 2044 Impetus
544 1992 606 2031 hic
639 2004 771 2030 sacrae
804 1994 952 2031 semina
985 1995 1125 2032 mentis
1157 1993 1293 2032 habet.

282 2052 354 2090 Fas
388 2051 481 2090 mihi
514 2053 724 2102 praecipue
757 2051 885 2089 voltus
917 2051 1058 2090 vidisse
1091 2052 1274 2103 deorum,

339 2110 407 2148 Vel
439 2111 527 2161 quia
561 2121 647 2148 sum
680 2114 816 2161 vates,
848 2109 906 2148 vel
939 2111 1027 2160 quia
1061 2122 1169 2148 sacra
1201 2122 1318 2148 cano.

281 2168 351 2207 Est
382 2180 520 2207 nemus
553 2167 760 2207 arboribus
793 2168 956 2206 densum
976 2200 986 2219 ,
1019 2173 1195 2207 secretus
1227 2168 1273 2205 ab
1306 2170 1410 2207 omni

220 2236 260 2265 10
340 2226 441 2265 Voce
475 2227 613 2274 locus,
647 2227 680 2264 si
711 2238 787 2264 non
821 2226 1116 2276 obstreperetur
1148 2227 1281 2276 aquis.

281 2284 351 2323 Hic
385 2297 455 2336 ego
489 2284 752 2336 quaerebam,
785 2287 913 2335 coepti
945 2297 1043 2336 quae
1076 2286 1221 2322 mensis
1254 2286 1362 2336 origo

340 2343 484 2395 Esset,
517 2349 555 2382 et
585 2345 625 2382 in
657 2355 749 2382 cura
783 2344 951 2382 nominis
983 2344 1098 2381 huius
1131 2355 1258 2381 eram.
