1570 2527
1265 100 1421 135 XXXXI

83 222 205 252 TIOR.
279 213 372 251 libri
409 213 572 251 Nomine
609 224 723 260 quam
753 214 888 260 pretio.
963 224 1032 249 ara
1062 211 1190 260 pretio
1223 210 1421 249 celebrata

85 271 254 310 absurde
287 271 439 309 dieitur.
514 271 737 309 celebratur
769 270 1014 319 adoratione,
1052 269 1420 316 consecrationibus,

86 331 201 380 quale
240 332 301 368 est
337 331 477 377 fertum
522 329 625 378 quod
666 331 825 378 praeter
862 329 1002 366 Ianum
1043 328 1129 366 Iovi
1170 328 1421 377 potissimum

87 389 319 426 obmovetur
344 387 449 436 apud
476 387 664 425 Catonem
690 396 880 426 CXXXHII
908 389 930 424 2
959 390 999 424 et
1025 389 1062 426 4.
1095 387 1200 436 apud
1225 386 1421 423 flaminem

85 446 242 484 Dialem
271 446 489 495 repositum
519 453 656 483 narrat
688 446 839 485 Gellius
870 445 905 482 X
924 454 985 483 XV
1008 446 1072 483 14.
1224 442 1309 482 380
1330 451 1420 482 NEC

86 513 229 544 DESES
267 513 466 555 DESERE,
503 513 670 554 νΕεΤΑ,
708 512 835 543 Tuos.
908 504 1000 541 libri
1031 505 1136 542 sedes
1166 505 1292 541 desere
1323 506 1419 545 tuas,

86 575 247 612 prorsus
290 563 531 601 contrarium
572 563 705 601 versui
750 563 850 601 365:
894 562 1066 611 virgines
1107 562 1290 600 Vestales
1334 573 1421 599 cum

89 622 209 659 sacris
241 621 362 659 Caere
394 622 546 670 pridem
578 622 767 669 abierant,
799 621 929 659 forum
961 622 1001 658 et
1031 633 1143 658 mons
1168 620 1372 658 Palatinus
1399 632 1419 656 a

89 679 213 717 Gallis
244 680 535 727 obtinebantur,
567 680 607 716 in
633 679 828 728 Capitolio
861 679 971 717 sedes
1003 680 1123 728 nulla,
1156 691 1273 729 quam
1300 677 1421 716 Vesta

87 738 267 776 deserere
297 740 441 786 posset.
592 734 673 776 571
709 746 768 774 ΕΤ
802 745 1010 775 CONSTAT
1038 746 1165 775 ENIM.
1237 739 1421 786 corrupta

85 807 281 855 videntur,
312 807 412 845 nihil
436 807 477 844 in
501 811 703 856 promptu,
735 807 926 855 putabam
945 808 994 856 ht,
1024 808 1133 845 habet
1162 809 1287 845 instar
1312 809 1420 845 enim.

204 863 289 904 304
326 874 375 903 IN
408 874 499 912 QUA
535 874 649 904 PARS
688 873 851 904 FAcms
891 873 1175 903 NOBILITATE
1209 873 1293 903 suA
1324 873 1420 903 EST.

87 924 179 962 libri
207 936 288 971 par
329 925 448 972 facies
483 925 677 962 nobilitate
713 936 795 962 sua.
868 924 966 961 nihil
1010 924 1051 961 in
1094 924 1420 972 interpretatione

87 983 324 1031 profectum3
355 995 433 1020 non
462 983 719 1031 intellectum,
751 985 792 1021 in
824 995 901 1030 qua
931 984 1049 1030 facies
1078 984 1326 1030 ‘nobilissich
1358 982 1423 1020 vel

88 1041 278 1091 quidquid
309 1041 392 1079 eius
418 1041 524 1079 modi
555 1041 719 1090 dicatur,
751 1041 932 1079 indecore
964 1041 1050 1079 dici.
1125 1041 1249 1079 adieci
1273 1053 1292 1079 3
1315 1041 1421 1078 litte-

87 1111 173 1137 ram
205 1102 245 1137 et
271 1099 470 1148 adsumpsi
498 1103 550 1138 est
575 1113 595 1137 e
621 1100 816 1138 codicibus
842 1113 921 1137 non
946 1100 1090 1148 paucis,
1124 1112 1199 1149 quo
1227 1099 1423 1137 sententia

89 1157 279 1196 efficietur
312 1154 369 1195 <in
394 1171 471 1208 qua
495 1158 702 1196 nobilitate
729 1171 819 1207 pars
847 1154 944 1206 sua',
975 1159 1048 1197 hoc
1075 1160 1145 1205 est,
1178 1158 1422 1205 conveniens,

88 1228 204 1266 quam
236 1221 434 1265 expectes,
474 1220 518 1255 ut
547 1229 620 1255 sua
657 1229 775 1255 causa
804 1216 887 1254 IIII
919 1218 1020 1266 368,
1060 1216 1116 1254 VI
1149 1218 1249 1265 284,
1289 1213 1423 1254 ‘facies

88 1270 176 1313 est'.
237 1275 355 1312 Trist.
382 1275 462 1313 IIII
487 1284 557 1313 1111
579 1277 631 1314 31
659 1276 790 1323 Deque
819 1277 912 1314 meis
942 1277 1006 1315 illo
1037 1277 1225 1324 referebat
1253 1276 1425 1314 versibus

88 1344 162 1382 ore,
193 1333 247 1371 In
277 1345 349 1381 quo
373 1346 474 1382 pars
505 1335 605 1372 altae
634 1335 842 1372 nobilitatis
873 1338 964 1373 erat.

208 1425 288 1463 Ser.
319 1439 369 1464 m.
401 1427 484 1464 Ian.
515 1439 836 1465 MDcccnxxme.
