1570 2527
489 100 552 132 111.
579 107 674 132 vnn
697 102 816 133 13—x
837 103 892 135 49.
1305 99 1364 140 53

129 210 204 249 Nix
236 210 368 260 iacet,
401 214 440 247 et
471 209 612 247 iactam
644 219 693 246 ne
726 208 785 247 sol
815 208 1048 261 pluviaeque
1080 209 1301 263 resolvant,

129 269 292 308 Indurat
323 267 463 306 boreas
495 271 806 318 perpetuamque
838 268 957 307 facit.

67 336 109 367 15
129 327 234 379 Ergo
268 326 336 366 ubi
367 326 530 365 delicuit
561 325 736 364 nondum
768 327 905 378 prior,
938 326 1059 366 altera
1090 329 1220 380 venit,

128 386 180 425 Et
211 385 312 425 solet
342 386 383 424 in
414 384 549 424 multis
581 384 686 423 bima
718 396 876 423 manere
909 385 1027 425 locis.

128 445 331 496 Tantaque
364 444 551 483 commoti
581 444 640 482 vis
673 449 733 482 est
764 443 987 497 aquilonis,
1023 450 1067 484 ut
1099 445 1194 484 altas

128 504 282 555 Aequet
312 503 432 542 humo
464 507 597 541 turres
629 507 812 553 tectaque
845 509 954 554 rapta
988 504 1109 543 ferat.

129 562 303 602 Pellibus
336 567 375 601 et
407 562 507 600 sutis
540 567 676 601 arcent
707 562 805 600 mala
837 562 983 613 frigora
1015 562 1168 615 bracis,

65 630 110 662 20
131 621 287 672 Oraque
321 620 369 659 de
401 626 484 659 toto
517 631 684 672 corpore
717 620 797 659 sola
829 626 986 671 patent.

130 680 254 731 Saepe
287 685 428 718 sonant
458 681 554 718 moti
588 679 709 729 glacie
742 679 939 729 pendente
974 680 1125 734 capilli,

127 739 178 778 Et
209 740 308 777 nitet
339 737 501 776 inducto
535 737 699 776 candida
729 736 850 775 barba
883 738 996 790 gelu3

128 797 320 848 Nudaque
354 797 606 847 consistunt,
638 797 802 834 formam
837 798 1032 835 servantia
1064 803 1211 850 testae,

127 856 226 895 Vina
258 867 330 894 nec
362 855 502 894 hausta
532 856 661 906 meri,
694 854 762 893 sed
795 854 881 893 data
914 855 1040 894 frusta
1071 855 1234 895 bibunt.

64 923 108 954 25
131 915 233 962 Quid
266 914 404 965 loquar
423 945 434 966 ‚
466 917 511 952 ut
542 915 661 953 vincti
695 920 952 953 concrescant
984 915 1131 966 frigore
1164 916 1261 968 rivi,

128 975 263 1025 Deque
294 973 383 1011 lacu
415 972 574 1023 fragiles
606 972 842 1012 effodiantur
874 971 1032 1024 aquae?

128 1034 247 1085 Ipse,
278 1033 502 1083 papyrifero
529 1033 597 1082 qui
630 1044 708 1071 non
740 1033 943 1083 angustior
975 1044 1088 1072 amne

128 1092 318 1131 Miscetur
350 1096 458 1130 vasto
490 1090 613 1129 multa
644 1103 716 1142 per
748 1103 816 1129 ora
849 1091 974 1143 freto,

130 1149 341 1190 Caeruleos
372 1151 501 1189 ventis
532 1149 668 1189 latices
701 1149 964 1202 durantibus,
997 1150 1131 1190 Hister

65 1218 109 1248 30
131 1208 318 1261 Congelat
350 1214 389 1247 et
420 1210 537 1248 tectis
568 1210 608 1247 in
641 1220 748 1247 mare
781 1210 904 1261 serpit
936 1211 1068 1260 aquis.

129 1269 293 1320 Quaque
325 1272 432 1307 rates
463 1269 620 1319 ierant,
652 1267 820 1319 pedibus
853 1280 958 1307 nunc
991 1269 1071 1308 itur
1090 1299 1101 1321 ‚
1134 1274 1173 1308 et
1204 1267 1330 1308 undas

128 1328 293 1378 Frigore
326 1332 531 1366 concretas
564 1327 709 1378 ungula
740 1327 872 1378 pulsat
904 1328 1018 1378 equi3

129 1387 286 1437 Perque
318 1398 441 1439 novos
473 1391 614 1437 pontes
647 1385 784 1425 subter
816 1385 1038 1425 labentibus
1070 1386 1187 1425 undis

130 1445 289 1484 Ducunt
322 1444 528 1483 Sarmatici
559 1443 724 1483 barbara
756 1444 929 1495 plaustra
962 1444 1103 1484 boves.

66 1511 110 1542 35
131 1503 202 1542 Vix
234 1502 418 1554 equidem
451 1502 589 1542 credar
608 1534 618 1554 ‚
651 1503 720 1542 sed
753 1515 843 1542 cum
875 1505 954 1542 sint
983 1505 1154 1554 praemia
1189 1503 1274 1543 falsi

130 1561 244 1601 Nulla
263 1594 273 1614 ‚
303 1567 428 1601 ratam
460 1561 577 1600 debet
607 1564 720 1601 testis
750 1561 896 1601 habere
929 1562 1069 1602 fidem.

129 1621 307 1659 Vidimus
338 1623 538 1671 ingentem
570 1620 693 1671 glacie
726 1622 943 1660 consistere
975 1628 1164 1675 pontum,

128 1679 378 1730 Lubricaque
409 1681 577 1718 inmotas
609 1685 710 1718 testa
741 1679 946 1731 premebat
978 1692 1121 1733 aquas.

129 1739 210 1778 Nec
242 1738 387 1778 vidisse
419 1743 479 1777 sat
510 1743 600 1790 est3
633 1738 777 1777 durum
810 1738 1044 1779 calcavimus
1078 1752 1249 1793 aequor,

64 1805 108 1836 40
129 1797 319 1849 Undaque
351 1809 430 1836 non
462 1797 540 1836 udo
574 1797 646 1836 sub
679 1797 778 1849 pede
812 1810 963 1837 summa
996 1799 1091 1838 fuit.

130 1856 173 1896 Si
204 1856 276 1896 tibi
307 1855 383 1896 tale
416 1857 562 1896 fretum
595 1857 790 1907 quondam
810 1889 821 1910 ‚
852 1857 1028 1897 Leandre
1048 1889 1059 1910 ‚
1091 1859 1254 1910 fuisset,

129 1915 216 1954 Non
248 1916 352 1955 foret
383 1921 570 1967 angustae
602 1928 709 1955 mors
740 1922 807 1955 tua
839 1918 989 1956 crimen
1022 1929 1167 1969 aquae.

129 1974 231 2013 Tum
262 1986 391 2026 neque
424 1987 466 2013 se
496 1974 615 2026 pandi
646 1981 814 2026 possunt
846 1975 1051 2027 delphines
1083 1977 1124 2014 in
1156 1988 1272 2015 auras

129 2032 314 2086 Tollere;
346 2038 532 2073 conantes
565 2033 662 2073 dura
695 2038 853 2074 coercet
882 2034 1032 2074 hiems.

65 2099 109 2130 45
130 2091 181 2131 Et
213 2093 390 2144 quamvis
421 2092 561 2131 boreas
592 2095 745 2132 iactatis
777 2095 933 2132 insonet
965 2093 1058 2146 alis,

128 2150 293 2191 Fluctus
324 2153 365 2190 in
398 2151 559 2191 obsesso
592 2154 746 2203 gurgite
779 2152 909 2191 nullus
942 2154 1040 2205 erit3

129 2209 410 2262 Inclusaequae
443 2211 532 2261 gelu
565 2211 725 2250 stabunt
756 2213 796 2249 in
828 2223 1022 2250 marmore
1054 2224 1231 2266 puppes,

130 2268 211 2308 Nec
242 2271 389 2320 poterit
420 2269 564 2321 rigidas
597 2270 745 2308 findere
778 2281 911 2309 remus
943 2282 1086 2322 aquas.

131 2326 306 2367 Vidimus
336 2329 377 2368 in
409 2328 531 2378 glacie
563 2330 692 2368 pisces
723 2328 887 2368 haerere
919 2329 1082 2377 ligatos,
