1570 2527
138 170 224 211 234
682 170 937 203 FASToRUM

215 288 234 318 5
256 279 341 330 lpse
375 291 445 330 ego
479 290 545 317 vos
577 277 695 317 habui
728 278 859 317 faciles
892 279 929 316 in
964 291 1093 317 amore
1128 280 1352 332 ministros,

314 338 409 375 Cum
443 336 536 375 lusit
568 338 741 375 numeris
773 338 896 386 prima
928 338 1083 376 iuventa
1116 339 1220 377 suis.

255 396 359 433 Idem
394 407 499 433 sacra
534 407 629 433 cano
663 397 887 445 signataque
921 399 1095 446 tempora
1127 396 1258 434 fastis:

312 453 457 503 Ecquis
490 452 535 491 ad
569 453 663 492 haec
695 452 800 491 illinc
833 453 1012 491 crederet
1043 465 1129 492 esse
1162 451 1294 493 viam?

255 511 356 549 Haec
396 523 479 549 mea
518 510 652 549 militia
690 517 776 550 est.
834 511 996 549 ferimus
1034 523 1131 564 quae
1169 524 1400 564 possumuS‚

979 569 1106 622 a'rma,

193 636 234 666 10
314 627 535 677 Dextraque
568 639 645 665 uon
678 628 782 665 omni
814 639 976 665 munere
1009 634 1142 666 nostra
1174 633 1304 667 vacat.

255 685 296 723 Si
330 685 424 724 mihi
456 697 532 723 non
566 684 688 724 valido
722 690 956 736 torquentur
987 686 1062 736 pila
1095 686 1263 738 lacerto,

312 743 391 782 Nec
423 743 621 782 bellatoris
654 749 760 794 terga
792 750 1025 794 premuntur
1058 745 1170 795 equi,

253 801 331 840 Nec
364 801 469 852 galea
503 803 701 852 tegimur,
734 813 805 840 nec
838 807 951 841 acuto
985 804 1179 852 cingimur
1211 814 1327 854 ense,
1354 823 1397 829 —

312 859 381 898 His
414 859 550 898 habilis
584 860 670 898 telis
704 859 868 910 quilibet
899 872 984 899 esse
1016 865 1146 910 potest
1170 882 1217 888 —

192 927 232 957 15
254 918 301 957 At
333 924 398 957 tua
430 920 706 969 prosequimur
738 918 911 957 studioso
944 924 1131 969 pectore,
1165 918 1329 970 Caesar,

312 976 475 1015 Nomina
493 1008 503 1028 ,
536 989 605 1027 per
637 975 770 1014 titulos
802 976 1122 1028 ingredimurque
1154 982 1267 1015 tuos.

253 1034 355 1084 Ergo
389 1034 479 1073 ades
513 1042 551 1073 et
582 1034 732 1085 placido
765 1034 921 1085 paulum
955 1047 1039 1073 mea
1071 1046 1232 1073 munera
1264 1034 1370 1074 voltu

312 1093 505 1144 Respice,
539 1092 710 1143 pacando
744 1093 872 1143 siquid
905 1091 950 1131 ab
983 1093 1093 1131 hoste
1127 1104 1260 1132 vacas.

252 1150 404 1189 Februa
437 1150 599 1188 Romani
631 1151 764 1189 dixere
796 1152 962 1201 piamina
994 1156 1147 1201 patres:

189 1217 231 1247 20
313 1208 424 1247 Nunc
458 1221 612 1259 quoque
646 1208 738 1247 dant
770 1208 886 1247 verbo
918 1209 1084 1259 plurima
1117 1210 1225 1260 signa
1259 1209 1395 1249 fidem.

253 1266 462 1305 Pontifices
495 1266 540 1305 ab
573 1278 664 1317 rege
697 1271 837 1317 petunt
869 1272 907 1305 et
938 1267 1090 1305 ssamine
1123 1267 1256 1319 lanas,

312 1325 406 1370 Quis
439 1330 614 1363 veterum
646 1325 775 1375 lingua
808 1324 943 1363 februa
976 1337 1118 1363 nomen
1151 1330 1255 1364 erat.

252 1382 435 1433 Quaeque
470 1383 572 1434 capit
602 1382 715 1421 lictor
747 1382 926 1421 domibus
959 1385 1186 1434 purgamina
1219 1388 1379 1436 ternus,

310 1441 472 1479 Torrida
507 1453 595 1479 cum
629 1442 726 1479 mica
759 1441 889 1493 sarra,
922 1448 1108 1480 vocantur
1139 1441 1265 1481 idem.

164 1508 207 1538 25
228 1499 376 1538 Nomen
409 1499 511 1538 idem
544 1511 650 1537 ramo
670 1530 680 1550 ,
714 1500 781 1549 qui
813 1511 949 1538 caesus
981 1499 1027 1537 ab
1060 1498 1198 1538 arbore
1230 1512 1327 1550 pura

311 1557 423 1596 Casta
455 1557 702 1596 sacerdotum
734 1563 907 1608 tempora
941 1557 1076 1596 fronde
1110 1559 1231 1608 tegit,

251 1616 338 1667 Ipse
372 1627 442 1666 ego
475 1615 705 1658 flaminicam
738 1621 964 1666 poscentem
998 1615 1132 1654 februa
1165 1615 1266 1667 vidi,

310 1673 462 1713 Februa
494 1675 670 1725 poscenti
701 1675 814 1724 pinea
847 1675 951 1724 virga
984 1674 1070 1712 data
1103 1679 1184 1713 est.

251 1731 426 1782 Denique
459 1731 734 1782 quodcumque
773 1737 860 1783 est,
899 1744 975 1782 quo
1014 1744 1178 1783 corpora
1215 1737 1347 1771 nostra

974 1791 1154 1841 piantur,

185 1856 229 1887 30
308 1847 389 1886 Hoc
422 1847 522 1898 apud
555 1849 730 1886 intonsos
762 1858 901 1885 nomen
934 1847 1099 1885 habebat
1130 1859 1242 1886 avos.

249 1906 392 1944 Mensis
426 1905 472 1943 ab
504 1905 564 1943 his
597 1905 723 1944 dictus
743 1936 753 1956 ,
786 1910 889 1943 secta
923 1906 1012 1956 quia
1045 1904 1142 1956 pelle
1176 1905 1324 1956 luperci

309 1963 432 2002 Omne
466 1962 590 2002 solum
622 1963 818 2014 lustrant,
850 1963 966 2014 idque
999 1965 1151 2014 piamen
1184 1963 1350 2003 habent:

252 2023 329 2061 Aut
361 2023 449 2073 quia
481 2021 641 2073 placatis
673 2026 765 2060 sunt
797 2027 971 2072 tempora
1003 2034 1101 2072 pura
1132 2021 1374 2073 sepulchris,

308 2080 417 2119 Tunc
450 2091 539 2118 cum
571 2078 709 2118 ferales
740 2081 978 2130 praeteriere
1010 2079 1115 2119 dies.

185 2146 229 2177 35
251 2138 374 2177 Omne
407 2138 514 2176 nefas
547 2149 778 2188 omnemque
811 2137 899 2175 mali
931 2139 1156 2188 purgamina
1189 2149 1343 2176 causam

309 2195 527 2235 Credebant
559 2197 682 2234 nostri
714 2195 850 2234 tollere
882 2207 996 2246 posse
1028 2207 1164 2234 senes.

250 2254 410 2293 Graecia
440 2255 676 2305 principium
710 2255 827 2292 moris
860 2254 932 2292 fuit
954 2285 963 2293 .
1014 2253 1075 2291 illa
1109 2255 1285 2295 nocentis

307 2312 426 2363 Impia
457 2312 641 2351 lustratos
674 2324 818 2362 ponere
852 2313 949 2350 facta
982 2316 1114 2362 putat.

249 2369 458 2408 Actoriden
492 2369 628 2408 Peleus
650 2402 660 2421 ,
691 2371 819 2420 ipsum
852 2381 1006 2420 quoque
1039 2369 1152 2408 Pelea
1184 2369 1304 2409 Phoci
