1570 2527
191 109 329 143 XXXII

193 221 320 267 sexta,
352 219 415 256 III
448 220 529 257 505
565 218 613 257 ad
644 219 727 256 IIII
760 220 831 267 84,
864 232 951 257 cum
982 219 1234 268 inscriptione
1266 219 1358 258 libri
1394 220 1524 268 quarti

191 289 378 315 versuum
429 285 636 316 CCCCLXII
692 289 884 314 summam
933 278 1084 315 duobus
1134 277 1311 315 distichis
1361 278 1522 316 excedit.

192 347 239 372 ea
274 338 436 384 propter
474 335 655 373 cancellis
693 335 861 373 instruxi
899 337 980 373 593
1022 337 1122 383 594,
1166 348 1326 384 prorsus
1363 335 1523 374 inutiles

191 397 282 441 post
313 407 348 431 v.
383 395 476 438 589,
511 406 558 430 ex
589 393 677 431 aliis
708 393 802 431 locis
828 394 1128 442 consarcinatos,
1160 406 1230 432 nec
1251 394 1522 431 emendatione

192 451 348 499 dignas3
376 454 415 489 et
434 451 517 489 IIII
546 453 596 488 11
629 453 693 500 12,
724 464 802 489 non
826 452 1065 489 necessarios
1091 454 1182 501 post
1206 465 1242 490 v.
1270 454 1308 500 3,
1336 452 1522 490 conflatos

194 522 240 546 ex
271 510 290 546 Ι
325 513 360 556 1,
395 512 430 557 7,
464 511 500 557 2,
533 509 692 547 cordato
723 512 841 558 poeta
871 509 1063 558 indignos.

311 567 456 612 Quinta
486 579 578 615 pars
604 568 837 616 paginarum
861 579 1003 604 novem
1028 567 1215 605 ducentos
1241 579 1378 605 versus
1402 568 1523 606 habet

192 637 214 662 a
246 625 328 662 IIII
357 627 408 663 85
443 625 492 662 ad
520 627 620 663 284:
652 638 731 662 non
762 625 856 662 mihi
888 626 1068 674 dubium,
1100 625 1194 674 quin
1225 625 1418 664 distichon
1440 627 1520 664 127

194 684 275 721 128
314 683 506 721 insertum
544 683 596 721 sit
633 684 681 721 ab
720 684 867 732 aliquo,
913 683 978 733 qui
1015 683 1183 722 nesciret
1213 683 1310 727 Nec,
1355 687 1387 722 et
1427 684 1522 722 reci-

190 741 360 789 procari,
400 737 540 791 ‘neque
574 742 718 779 Veneri
754 744 908 790 tempus
940 742 1065 779 ullum
1096 742 1226 791 aptius
1258 744 1361 791 erat,
1397 754 1523 791 neque

192 799 325 837 Venus
363 800 533 848 tempori
570 796 876 848 inconveniens’3
914 800 1069 838 inficeta
1100 812 1237 838 versus
1272 802 1353 838 126
1387 800 1522 849 ampli-

190 857 368 895 ficatione
399 859 507 896 locus
539 858 775 906 disperditus
809 861 878 896 est.

309 915 427 954 Sexta
469 928 561 965 pars
606 917 688 954 sola
730 917 851 954 habet
891 916 994 964 quod
1033 916 1231 953 conciliari
1267 915 1522 954 confidentius

189 986 268 1011 non
286 975 421 1022 possit,
442 987 519 1012 non
539 975 875 1012 dissimulandum.
920 974 987 1022 qui
1006 974 1109 1012 inter
1127 974 1209 1011 IIII
1230 975 1312 1012 285
1334 974 1423 1012 etV
1439 976 1521 1013 633

190 1044 325 1070 versus
364 1035 456 1070 sunt
487 1040 691 1080 MCCCIIlI,
730 1032 872 1070 additis
905 1032 1057 1070 duobus
1088 1033 1129 1069 in
1159 1032 1321 1070 titulum
1352 1032 1444 1069 libri
1474 1032 1523 1082 V,

191 1091 356 1139 paginas
376 1099 509 1128 LV1111
541 1093 777 1139 exsuperant
808 1091 986 1129 versibus
1015 1092 1111 1128 octo.
1187 1090 1413 1128 eliminandi
1432 1092 1525 1129 sunt

189 1149 361 1186 Bentleii
405 1151 444 1186 et
487 1150 654 1187 aliorum
697 1149 933 1187 auctoritate
977 1162 1037 1187 vv.
1083 1150 1165 1186 273
1206 1150 1291 1186 274
1339 1161 1410 1197 pro
1459 1149 1524 1186 ad-

191 1206 407 1244 ditamento
445 1208 613 1255 novicio,
652 1207 832 1244 cancellis
869 1207 1010 1244 inclusi
1046 1219 1093 1244 ex
1129 1206 1297 1253 Heinsii,
1341 1206 1522 1254 Bentleii,

192 1264 397 1302 Schraderi
423 1266 619 1303 sententia
645 1265 680 1301 V
701 1267 754 1303 37
783 1266 856 1313 383
889 1265 957 1302 sed
981 1276 1059 1302 non
1085 1268 1177 1302 sunt
1208 1264 1524 1312 supplementum

191 1324 352 1360 lacunae
378 1335 467 1372 pag.
490 1331 631 1360 CLVIII
659 1324 802 1361 saeculi
828 1323 964 1371 quinti,
992 1323 1134 1372 quippe
1161 1323 1228 1371 qui
1253 1323 1524 1360 exscribantur

191 1393 214 1418 a
244 1381 452 1418 Lactantio
486 1381 645 1418 Placido
678 1381 727 1418 ad
760 1381 857 1418 Stat.
891 1381 1011 1419 Theb.
1044 1380 1079 1417 V
1113 1382 1213 1428 569,
1253 1381 1318 1429 qui
1351 1380 1524 1418 eiusdem

191 1439 278 1476 aevi
315 1439 436 1476 fuisse
474 1439 657 1476 creditur.
728 1439 894 1486 incerta,
935 1439 1079 1485 fateor,
1123 1438 1345 1476 coniectura
1383 1450 1523 1487 suppo-

192 1498 267 1534 sita
298 1497 461 1534 dixerim
493 1497 659 1534 disticha
690 1496 766 1534 duo
798 1497 880 1533 IIII
918 1498 999 1535 853
1035 1498 1135 1545 854,
1174 1497 1257 1534 855
1291 1497 1393 1545 856,
1432 1497 1524 1545 quia

190 1556 278 1592 vale
318 1555 460 1593 dixisse
498 1556 709 1593 Romulum
745 1555 877 1603 fratri,
914 1555 1104 1592 feretrum
1140 1554 1181 1591 in
1217 1567 1312 1603 rogo
1352 1554 1524 1602 positum
1553 1604 1557 1609 “

190 1613 255 1651 vix
293 1614 474 1651 convenit
512 1616 602 1650 ante
645 1615 784 1650 unctos
823 1616 950 1659 artus,
995 1613 1098 1661 quod
1140 1613 1222 1660 ipse
1265 1612 1524 1660 interpolator

191 1671 348 1719 scripsit
378 1671 469 1709 Met.
502 1671 542 1707 II
571 1673 651 1708 626
683 1673 784 1719 6273
815 1670 919 1719 quod
946 1671 1043 1708 Tum
1069 1671 1151 1708 855
1184 1669 1426 1707 incommode
1457 1683 1523 1719 po—

192 1729 321 1778 situm,
362 1729 507 1766 Ultima
536 1731 695 1774 flamma
728 1730 809 1767 856
842 1728 1055 1766 insolenter
1087 1728 1246 1776 dictum,
1277 1730 1321 1766 ut
1346 1729 1524 1767 Plurima

189 1786 318 1824 Aetna
349 1787 470 1824 Ibidis
502 1800 537 1824 v.
560 1788 661 1835 5983
694 1787 808 1835 quod,
840 1787 873 1823 si
903 1789 1062 1835 poetam
1091 1786 1159 1823 illo
1185 1787 1269 1824 vale
1293 1789 1457 1825 venuste
1483 1789 1523 1825 et
1548 1785 1553 1791 “

192 1845 403 1883 efficaciter
421 1845 687 1882 narrationem
712 1845 944 1883 terminasse
969 1847 1097 1893 putes,
1122 1844 1416 1893 interpolationi
1433 1858 1520 1894 pro-

189 1903 294 1941 fecto
313 1904 421 1941 locus
442 1903 614 1951 patebat.
687 1905 885 1955 postremo
906 1903 1067 1940 tertium
1087 1902 1280 1940 distichon
1299 1906 1523 1952 suspectum

190 1962 396 1999 habuerim
428 1962 508 1999 861
545 1962 646 2009 862,
683 1961 786 2009 quod
823 1961 951 1998 nescio
984 1961 1176 2009 quomodo
1206 1963 1347 2010 poetae
1378 1962 1524 2000 saeculi

192 2020 293 2057 sexti
323 2020 450 2068 magis
482 2032 599 2068 quam
631 2017 760 2056 Ovidii
791 2019 960 2056 colorem
991 2019 1191 2067 praeferre
1223 2019 1389 2057 videtur.

309 2078 486 2126 Septima
516 2077 644 2126 portio
676 2077 908 2126 paginarum
938 2085 1001 2114 XX
1034 2090 1056 2114 a
1088 2077 1123 2113 V
1157 2079 1239 2115 634
1272 2077 1322 2114 ad
1354 2077 1411 2114 VI
1438 2079 1520 2116 346

190 2148 326 2173 versus
354 2136 484 2183 habet,
518 2136 551 2172 si
571 2147 772 2173 accenseas
797 2135 1093 2183 inscriptionem
1117 2135 1219 2183 libri,
1241 2142 1521 2173 CCCCXLVIII:

191 2194 383 2230 decedunt
425 2197 557 2230 tamen
599 2193 676 2230 tria
719 2193 884 2231 disticha
921 2195 1010 2241 post
1049 2195 1150 2241 271,
1195 2205 1295 2242 quae
1332 2193 1523 2231 librorum

190 2251 424 2289 auctoritate
473 2252 583 2288 nulla
632 2253 808 2290 utuntur.
879 2253 1084 2300 praeterea
1128 2251 1343 2288 eiciendum
1385 2263 1521 2290 censeo

190 2309 226 2345 V
260 2311 341 2347 647
385 2311 477 2347 648.
551 2321 651 2358 nego
690 2309 776 2346 fieri
818 2309 1009 2358 potuisse,
1053 2311 1098 2346 ut
1135 2307 1296 2346 Ovidius
1338 2321 1523 2347 versuum
1569 2327 1570 2333 ¹
