<?xml version="1.0" encoding="UTF-8"?>
<!DOCTYPE html PUBLIC "-//W3C//DTD XHTML 1.0 Transitional//EN"
    "http://www.w3.org/TR/xhtml1/DTD/xhtml1-transitional.dtd">
<html xmlns="http://www.w3.org/1999/xhtml" xml:lang="en" lang="en">
 <head>
  <title>
</title>
<meta http-equiv="Content-Type" content="text/html;charset=utf-8" />
  <meta name='ocr-system' content='tesseract 3.04.00' />
  <meta name='ocr-capabilities' content='ocr_page ocr_carea ocr_par ocr_line ocrx_word'/>
</head>
<body>
  <div class='ocr_page' id='page_1' title='image "./ovidopera03oviduoft_0234.png"; bbox 0 0 1570 2527; ppageno 0'>
   <div class='ocr_carea' id='block_1_1' title="bbox 170 154 960 196">
    <p class='ocr_par' dir='ltr' id='par_1_1' title="bbox 170 154 960 196">
     <span class='ocr_line' id='line_1_1' title="bbox 170 154 960 196; baseline -0.001 -10"><span class='ocrx_word' id='word_1_1' title='bbox 170 155 252 196; x_wconf 68' lang='lat'>176</span> <span class='ocrx_word' id='word_1_2' title='bbox 715 155 779 186; x_wconf 81' lang='lat' dir='ltr'>EX</span> <span class='ocrx_word' id='word_1_3' title='bbox 804 154 960 186; x_wconf 72' lang='lat' dir='ltr'>PONTO</span> 
     </span>
    </p>
   </div>
   <div class='ocr_carea' id='block_1_2' title="bbox 224 261 1507 2412">
    <p class='ocr_par' dir='ltr' id='par_1_2' title="bbox 224 261 1507 2412">
     <span class='ocr_line' id='line_1_2' title="bbox 345 261 1319 314; baseline -0.002 -11"><span class='ocrx_word' id='word_1_4' title='bbox 345 264 401 303; x_wconf 91' lang='lat' dir='ltr'>Ad</span> <span class='ocrx_word' id='word_1_5' title='bbox 433 264 622 302; x_wconf 88' lang='lat' dir='ltr'>medicam</span> <span class='ocrx_word' id='word_1_6' title='bbox 656 261 798 301; x_wconf 90' lang='lat' dir='ltr'>dubius</span> <span class='ocrx_word' id='word_1_7' title='bbox 830 263 1005 313; x_wconf 82' lang='lat' dir='ltr'>confugit</span> <span class='ocrx_word' id='word_1_8' title='bbox 1036 274 1151 313; x_wconf 82' lang='lat' dir='ltr'>aeger</span> <span class='ocrx_word' id='word_1_9' title='bbox 1183 275 1319 314; x_wconf 91' lang='lat' dir='ltr'>opem.</span> 
     </span>
     <span class='ocr_line' id='line_1_3' title="bbox 285 320 1314 373; baseline 0 -13"><span class='ocrx_word' id='word_1_10' title='bbox 285 322 370 361; x_wconf 88' lang='lat' dir='ltr'>Non</span> <span class='ocrx_word' id='word_1_11' title='bbox 403 335 501 372; x_wconf 90' lang='lat' dir='ltr'>opus</span> <span class='ocrx_word' id='word_1_12' title='bbox 535 327 593 360; x_wconf 89' lang='lat' dir='ltr'>est</span> <span class='ocrx_word' id='word_1_13' title='bbox 624 322 773 371; x_wconf 87' lang='lat' dir='ltr'>magnis</span> <span class='ocrx_word' id='word_1_14' title='bbox 804 320 954 371; x_wconf 87' lang='lat' dir='ltr'>placido</span> <span class='ocrx_word' id='word_1_15' title='bbox 987 321 1133 360; x_wconf 86' lang='lat' dir='ltr'>lectore</span> <span class='ocrx_word' id='word_1_16' title='bbox 1164 323 1314 373; x_wconf 81' lang='lat' dir='ltr'>poetis3</span> 
     </span>
     <span class='ocr_line' id='line_1_4' title="bbox 225 379 1260 430; baseline -0.002 -10"><span class='ocrx_word' id='word_1_17' title='bbox 225 390 266 420; x_wconf 84' lang='lat'>10</span> <span class='ocrx_word' id='word_1_18' title='bbox 347 379 566 425; x_wconf 81' lang='lat' dir='ltr'>Quamlibet</span> <span class='ocrx_word' id='word_1_19' title='bbox 597 381 761 418; x_wconf 74' lang='lat' dir='ltr'>invitum</span> <span class='ocrx_word' id='word_1_20' title='bbox 794 379 1069 430; x_wconf 86' lang='lat' dir='ltr'>difficilemque</span> <span class='ocrx_word' id='word_1_21' title='bbox 1101 385 1260 418; x_wconf 80' lang='lat' dir='ltr'>tenent.</span> 
     </span>
     <span class='ocr_line' id='line_1_5' title="bbox 285 437 1354 490; baseline 0 -14"><span class='ocrx_word' id='word_1_22' title='bbox 285 438 363 476; x_wconf 74' lang='lat' dir='ltr'>Nos</span> <span class='ocrx_word' id='word_1_23' title='bbox 383 470 393 489; x_wconf 84' lang='lat'><em>‚</em></span> <span class='ocrx_word' id='word_1_24' title='bbox 426 438 568 488; x_wconf 90' lang='lat' dir='ltr'>quibus</span> <span class='ocrx_word' id='word_1_25' title='bbox 600 439 800 488; x_wconf 85' lang='lat' dir='ltr'>ingenium</span> <span class='ocrx_word' id='word_1_26' title='bbox 831 437 935 487; x_wconf 84' lang='lat' dir='ltr'>longi</span> <span class='ocrx_word' id='word_1_27' title='bbox 966 439 1143 476; x_wconf 89' lang='lat' dir='ltr'>minuere</span> <span class='ocrx_word' id='word_1_28' title='bbox 1176 437 1354 490; x_wconf 89' lang='lat' dir='ltr'>labores,</span> 
     </span>
     <span class='ocr_line' id='line_1_6' title="bbox 344 496 1194 547; baseline 0 -13"><span class='ocrx_word' id='word_1_29' title='bbox 344 497 420 534; x_wconf 88' lang='lat' dir='ltr'>Aut</span> <span class='ocrx_word' id='word_1_30' title='bbox 453 498 567 535; x_wconf 87' lang='lat' dir='ltr'>etiam</span> <span class='ocrx_word' id='word_1_31' title='bbox 601 496 751 535; x_wconf 88' lang='lat' dir='ltr'>nullum</span> <span class='ocrx_word' id='word_1_32' title='bbox 784 496 945 534; x_wconf 80' lang='lat' dir='ltr'>forsitan</span> <span class='ocrx_word' id='word_1_33' title='bbox 979 501 1066 534; x_wconf 85' lang='lat' dir='ltr'>ante</span> <span class='ocrx_word' id='word_1_34' title='bbox 1099 496 1194 547; x_wconf 82' lang='lat' dir='ltr'>fuit,</span> 
     </span>
     <span class='ocr_line' id='line_1_7' title="bbox 288 553 1239 606; baseline 0.003 -16"><span class='ocrx_word' id='word_1_35' title='bbox 288 553 444 593; x_wconf 84' lang='lat' dir='ltr'>Viribus</span> <span class='ocrx_word' id='word_1_36' title='bbox 476 555 649 606; x_wconf 81' lang='lat' dir='ltr'>infirmi,</span> <span class='ocrx_word' id='word_1_37' title='bbox 681 560 810 592; x_wconf 74' lang='lat' dir='ltr'>vestro</span> <span class='ocrx_word' id='word_1_38' title='bbox 844 554 1011 592; x_wconf 90' lang='lat' dir='ltr'>candore</span> <span class='ocrx_word' id='word_1_39' title='bbox 1045 553 1239 593; x_wconf 86' lang='lat' dir='ltr'>valemus:</span> 
     </span>
     <span class='ocr_line' id='line_1_8' title="bbox 347 612 1342 664; baseline 0 -14"><span class='ocrx_word' id='word_1_40' title='bbox 347 612 476 658; x_wconf 86' lang='lat' dir='ltr'>Quem</span> <span class='ocrx_word' id='word_1_41' title='bbox 504 613 598 651; x_wconf 89' lang='lat' dir='ltr'>mihi</span> <span class='ocrx_word' id='word_1_42' title='bbox 631 614 663 651; x_wconf 92' lang='lat' dir='ltr'>si</span> <span class='ocrx_word' id='word_1_43' title='bbox 694 612 824 650; x_wconf 89' lang='lat' dir='ltr'>demas</span> <span class='ocrx_word' id='word_1_44' title='bbox 844 644 855 664; x_wconf 87' lang='lat'><em>‚</em></span> <span class='ocrx_word' id='word_1_45' title='bbox 887 614 1015 650; x_wconf 86' lang='lat' dir='ltr'>omnia</span> <span class='ocrx_word' id='word_1_46' title='bbox 1046 618 1155 663; x_wconf 84' lang='lat' dir='ltr'>rapta</span> <span class='ocrx_word' id='word_1_47' title='bbox 1186 618 1342 663; x_wconf 89' lang='lat' dir='ltr'>putem.</span> 
     </span>
     <span class='ocr_line' id='line_1_9' title="bbox 226 671 1393 723; baseline -0.001 -12"><span class='ocrx_word' id='word_1_48' title='bbox 226 683 265 712; x_wconf 80' lang='lat'>15</span> <span class='ocrx_word' id='word_1_49' title='bbox 289 671 514 722; x_wconf 87' lang='lat' dir='ltr'>Cunctaque</span> <span class='ocrx_word' id='word_1_50' title='bbox 548 683 637 709; x_wconf 88' lang='lat' dir='ltr'>cum</span> <span class='ocrx_word' id='word_1_51' title='bbox 668 683 753 709; x_wconf 85' lang='lat' dir='ltr'>mea</span> <span class='ocrx_word' id='word_1_52' title='bbox 785 672 862 709; x_wconf 87' lang='lat' dir='ltr'>sint</span> <span class='ocrx_word' id='word_1_53' title='bbox 892 683 1087 721; x_wconf 89' lang='lat' dir='ltr'>propenso</span> <span class='ocrx_word' id='word_1_54' title='bbox 1119 672 1209 709; x_wconf 86' lang='lat' dir='ltr'>nixa</span> <span class='ocrx_word' id='word_1_55' title='bbox 1239 671 1393 723; x_wconf 87' lang='lat' dir='ltr'>favore,</span> 
     </span>
     <span class='ocr_line' id='line_1_10' title="bbox 347 728 1261 780; baseline 0.001 -12"><span class='ocrx_word' id='word_1_56' title='bbox 347 729 604 780; x_wconf 82' lang='lat' dir='ltr'>Praecipuum</span> <span class='ocrx_word' id='word_1_57' title='bbox 637 731 769 768; x_wconf 85' lang='lat' dir='ltr'>veniae</span> <span class='ocrx_word' id='word_1_58' title='bbox 801 731 862 767; x_wconf 92' lang='lat' dir='ltr'>ius</span> <span class='ocrx_word' id='word_1_59' title='bbox 894 728 1010 768; x_wconf 88' lang='lat' dir='ltr'>habet</span> <span class='ocrx_word' id='word_1_60' title='bbox 1041 729 1104 767; x_wconf 91' lang='lat' dir='ltr'>ille</span> <span class='ocrx_word' id='word_1_61' title='bbox 1136 728 1261 769; x_wconf 88' lang='lat' dir='ltr'>liber.</span> 
     </span>
     <span class='ocr_line' id='line_1_11' title="bbox 290 787 1274 840; baseline 0 -13"><span class='ocrx_word' id='word_1_62' title='bbox 290 789 516 840; x_wconf 81' lang='lat' dir='ltr'>Spectatum</span> <span class='ocrx_word' id='word_1_63' title='bbox 549 794 654 826; x_wconf 77' lang='lat' dir='ltr'>vates</span> <span class='ocrx_word' id='word_1_64' title='bbox 687 787 749 826; x_wconf 90' lang='lat' dir='ltr'>alii</span> <span class='ocrx_word' id='word_1_65' title='bbox 782 789 976 838; x_wconf 85' lang='lat' dir='ltr'>scripsere</span> <span class='ocrx_word' id='word_1_66' title='bbox 1009 787 1274 838; x_wconf 82' lang='lat' dir='ltr'>triumphum.</span> 
     </span>
     <span class='ocr_line' id='line_1_12' title="bbox 347 847 1239 897; baseline 0.001 -13"><span class='ocrx_word' id='word_1_67' title='bbox 347 847 417 885; x_wconf 89' lang='lat' dir='ltr'>Est</span> <span class='ocrx_word' id='word_1_68' title='bbox 449 847 592 897; x_wconf 89' lang='lat' dir='ltr'>aliquid</span> <span class='ocrx_word' id='word_1_69' title='bbox 625 848 788 885; x_wconf 87' lang='lat' dir='ltr'>memori</span> <span class='ocrx_word' id='word_1_70' title='bbox 820 848 900 884; x_wconf 75' lang='lat' dir='ltr'>visa</span> <span class='ocrx_word' id='word_1_71' title='bbox 933 852 1067 884; x_wconf 88' lang='lat' dir='ltr'>notare</span> <span class='ocrx_word' id='word_1_72' title='bbox 1100 858 1239 885; x_wconf 88' lang='lat' dir='ltr'>manu.</span> 
     </span>
     <span class='ocr_line' id='line_1_13' title="bbox 287 904 1313 955; baseline 0 -12"><span class='ocrx_word' id='word_1_73' title='bbox 287 905 365 944; x_wconf 87' lang='lat' dir='ltr'>Nos</span> <span class='ocrx_word' id='word_1_74' title='bbox 397 918 441 943; x_wconf 87' lang='lat' dir='ltr'>ea</span> <span class='ocrx_word' id='word_1_75' title='bbox 474 907 535 943; x_wconf 80' lang='lat' dir='ltr'>vix</span> <span class='ocrx_word' id='word_1_76' title='bbox 568 905 716 943; x_wconf 84' lang='lat' dir='ltr'>avidam</span> <span class='ocrx_word' id='word_1_77' title='bbox 748 904 860 955; x_wconf 83' lang='lat' dir='ltr'>vulgo</span> <span class='ocrx_word' id='word_1_78' title='bbox 894 911 1044 955; x_wconf 82' lang='lat' dir='ltr'>captata</span> <span class='ocrx_word' id='word_1_79' title='bbox 1074 917 1145 955; x_wconf 88' lang='lat' dir='ltr'>per</span> <span class='ocrx_word' id='word_1_80' title='bbox 1177 916 1313 943; x_wconf 82' lang='lat' dir='ltr'>aurem</span> 
     </span>
     <span class='ocr_line' id='line_1_14' title="bbox 225 963 1304 1014; baseline -0.002 -11"><span class='ocrx_word' id='word_1_81' title='bbox 225 973 269 1003; x_wconf 74' lang='lat'>20</span> <span class='ocrx_word' id='word_1_82' title='bbox 351 964 587 1014; x_wconf 87' lang='lat' dir='ltr'>Scripsimus</span> <span class='ocrx_word' id='word_1_83' title='bbox 607 995 618 1014; x_wconf 85' lang='lat'><em>,</em></span> <span class='ocrx_word' id='word_1_84' title='bbox 651 970 766 1013; x_wconf 88' lang='lat' dir='ltr'>atque</span> <span class='ocrx_word' id='word_1_85' title='bbox 799 963 901 1001; x_wconf 91' lang='lat' dir='ltr'>oculi</span> <span class='ocrx_word' id='word_1_86' title='bbox 932 964 1030 1001; x_wconf 86' lang='lat' dir='ltr'>fama</span> <span class='ocrx_word' id='word_1_87' title='bbox 1063 963 1172 1002; x_wconf 88' lang='lat' dir='ltr'>fuere</span> <span class='ocrx_word' id='word_1_88' title='bbox 1205 964 1304 1001; x_wconf 91' lang='lat' dir='ltr'>mei.</span> 
     </span>
     <span class='ocr_line' id='line_1_15' title="bbox 291 1021 1281 1073; baseline -0.001 -13"><span class='ocrx_word' id='word_1_89' title='bbox 291 1022 448 1061; x_wconf 82' lang='lat' dir='ltr'>Scilicet</span> <span class='ocrx_word' id='word_1_90' title='bbox 479 1022 639 1060; x_wconf 81' lang='lat' dir='ltr'>affectus</span> <span class='ocrx_word' id='word_1_91' title='bbox 673 1021 818 1060; x_wconf 85' lang='lat' dir='ltr'>similes</span> <span class='ocrx_word' id='word_1_92' title='bbox 837 1053 847 1073; x_wconf 85' lang='lat'>,</span> <span class='ocrx_word' id='word_1_93' title='bbox 880 1028 946 1060; x_wconf 88' lang='lat' dir='ltr'>aut</span> <span class='ocrx_word' id='word_1_94' title='bbox 976 1023 1146 1072; x_wconf 84' lang='lat' dir='ltr'>impetus</span> <span class='ocrx_word' id='word_1_95' title='bbox 1177 1021 1281 1060; x_wconf 87' lang='lat' dir='ltr'>idem</span> 
     </span>
     <span class='ocr_line' id='line_1_16' title="bbox 349 1077 1241 1130; baseline 0 -12"><span class='ocrx_word' id='word_1_96' title='bbox 349 1080 480 1118; x_wconf 82' lang='lat' dir='ltr'>Rebus</span> <span class='ocrx_word' id='word_1_97' title='bbox 513 1079 558 1117; x_wconf 86' lang='lat' dir='ltr'>ab</span> <span class='ocrx_word' id='word_1_98' title='bbox 595 1080 736 1118; x_wconf 86' lang='lat' dir='ltr'>auditis</span> <span class='ocrx_word' id='word_1_99' title='bbox 770 1081 1070 1130; x_wconf 83' lang='lat' dir='ltr'>conspicuisque</span> <span class='ocrx_word' id='word_1_100' title='bbox 1103 1077 1241 1118; x_wconf 79' lang='lat' dir='ltr'>venit?</span> 
     </span>
     <span class='ocr_line' id='line_1_17' title="bbox 289 1137 1504 1189; baseline 0.002 -12"><span class='ocrx_word' id='word_1_101' title='bbox 289 1138 370 1177; x_wconf 91' lang='lat' dir='ltr'>Nec</span> <span class='ocrx_word' id='word_1_102' title='bbox 401 1140 504 1176; x_wconf 79' lang='lat' dir='ltr'>nitor</span> <span class='ocrx_word' id='word_1_103' title='bbox 537 1140 716 1189; x_wconf 83' lang='lat' dir='ltr'>argenti,</span> <span class='ocrx_word' id='word_1_104' title='bbox 749 1150 865 1188; x_wconf 91' lang='lat' dir='ltr'>quem</span> <span class='ocrx_word' id='word_1_105' title='bbox 896 1150 963 1175; x_wconf 76' lang='lat' dir='ltr'>vos</span> <span class='ocrx_word' id='word_1_106' title='bbox 996 1137 1175 1189; x_wconf 85' lang='lat' dir='ltr'>vidistis,</span> <span class='ocrx_word' id='word_1_107' title='bbox 1207 1143 1247 1176; x_wconf 86' lang='lat' dir='ltr'>et</span> <span class='ocrx_word' id='word_1_108' title='bbox 1278 1139 1364 1177; x_wconf 85' lang='lat' dir='ltr'>auri</span> <span class='ocrx_word' id='word_1_109' title='bbox 1448 1146 1504 1180; x_wconf 83' lang='lat'>(90)</span> 
     </span>
     <span class='ocr_line' id='line_1_18' title="bbox 349 1195 1429 1247; baseline 0.001 -13"><span class='ocrx_word' id='word_1_110' title='bbox 349 1197 460 1242; x_wconf 85' lang='lat' dir='ltr'>Quod</span> <span class='ocrx_word' id='word_1_111' title='bbox 492 1196 587 1234; x_wconf 90' lang='lat' dir='ltr'>mihi</span> <span class='ocrx_word' id='word_1_112' title='bbox 619 1196 816 1247; x_wconf 86' lang='lat' dir='ltr'>defuerit,</span> <span class='ocrx_word' id='word_1_113' title='bbox 850 1208 1102 1247; x_wconf 85' lang='lat' dir='ltr'>purpuraque</span> <span class='ocrx_word' id='word_1_114' title='bbox 1134 1195 1226 1247; x_wconf 83' lang='lat' dir='ltr'>illa,</span> <span class='ocrx_word' id='word_1_115' title='bbox 1259 1207 1429 1246; x_wconf 90' lang='lat' dir='ltr'>queror:</span> 
     </span>
     <span class='ocr_line' id='line_1_19' title="bbox 226 1254 1300 1305; baseline -0.001 -11"><span class='ocrx_word' id='word_1_116' title='bbox 226 1264 268 1294; x_wconf 70' lang='grc'>’25</span> <span class='ocrx_word' id='word_1_117' title='bbox 292 1255 367 1294; x_wconf 86' lang='lat' dir='ltr'>Sed</span> <span class='ocrx_word' id='word_1_118' title='bbox 399 1255 481 1293; x_wconf 87' lang='lat' dir='ltr'>loca</span> <span class='ocrx_word' id='word_1_119' title='bbox 500 1285 510 1305; x_wconf 83' lang='lat'><em>‚</em></span> <span class='ocrx_word' id='word_1_120' title='bbox 544 1254 611 1292; x_wconf 89' lang='lat' dir='ltr'>sed</span> <span class='ocrx_word' id='word_1_121' title='bbox 643 1261 778 1305; x_wconf 87' lang='lat' dir='ltr'>gentes</span> <span class='ocrx_word' id='word_1_122' title='bbox 811 1255 997 1292; x_wconf 87' lang='lat' dir='ltr'>formatae</span> <span class='ocrx_word' id='word_1_123' title='bbox 1031 1254 1133 1292; x_wconf 88' lang='lat' dir='ltr'>mille</span> <span class='ocrx_word' id='word_1_124' title='bbox 1163 1254 1300 1305; x_wconf 86' lang='lat' dir='ltr'>figuris</span> 
     </span>
     <span class='ocr_line' id='line_1_20' title="bbox 350 1313 1320 1364; baseline -0.001 -13"><span class='ocrx_word' id='word_1_125' title='bbox 350 1313 575 1351; x_wconf 75' lang='lat' dir='ltr'>Nutrissent</span> <span class='ocrx_word' id='word_1_126' title='bbox 607 1325 763 1351; x_wconf 87' lang='lat' dir='ltr'>carmen</span> <span class='ocrx_word' id='word_1_127' title='bbox 796 1313 1019 1363; x_wconf 89' lang='lat' dir='ltr'>proeliaque</span> <span class='ocrx_word' id='word_1_128' title='bbox 1051 1314 1134 1363; x_wconf 88' lang='lat' dir='ltr'>ipsa</span> <span class='ocrx_word' id='word_1_129' title='bbox 1166 1324 1320 1364; x_wconf 86' lang='lat' dir='ltr'>meum,</span> 
     </span>
     <span class='ocr_line' id='line_1_21' title="bbox 291 1371 1341 1423; baseline -0.001 -13"><span class='ocrx_word' id='word_1_130' title='bbox 291 1372 339 1410; x_wconf 85' lang='lat' dir='ltr'>Et</span> <span class='ocrx_word' id='word_1_131' title='bbox 371 1383 507 1422; x_wconf 81' lang='lat' dir='ltr'>regum</span> <span class='ocrx_word' id='word_1_132' title='bbox 540 1371 670 1409; x_wconf 77' lang='lat' dir='ltr'>vultus</span> <span class='ocrx_word' id='word_1_133' title='bbox 689 1403 699 1422; x_wconf 85' lang='lat'><em>‚</em></span> <span class='ocrx_word' id='word_1_134' title='bbox 733 1373 949 1409; x_wconf 85' lang='lat' dir='ltr'>certissima</span> <span class='ocrx_word' id='word_1_135' title='bbox 980 1372 1144 1421; x_wconf 82' lang='lat' dir='ltr'>pignora</span> <span class='ocrx_word' id='word_1_136' title='bbox 1176 1372 1341 1423; x_wconf 83' lang='lat' dir='ltr'>mentis,</span> 
     </span>
     <span class='ocr_line' id='line_1_22' title="bbox 350 1429 1175 1479; baseline 0 -12"><span class='ocrx_word' id='word_1_137' title='bbox 350 1430 543 1468; x_wconf 70' lang='lat' dir='ltr'>lux-issent</span> <span class='ocrx_word' id='word_1_138' title='bbox 575 1429 701 1479; x_wconf 87' lang='lat' dir='ltr'>aliqua</span> <span class='ocrx_word' id='word_1_139' title='bbox 733 1430 896 1467; x_wconf 84' lang='lat' dir='ltr'>forsitan</span> <span class='ocrx_word' id='word_1_140' title='bbox 928 1429 1022 1467; x_wconf 91' lang='lat' dir='ltr'>illud</span> <span class='ocrx_word' id='word_1_141' title='bbox 1055 1440 1175 1479; x_wconf 89' lang='lat' dir='ltr'>opus.</span> 
     </span>
     <span class='ocr_line' id='line_1_23' title="bbox 290 1487 1235 1538; baseline 0 -12"><span class='ocrx_word' id='word_1_142' title='bbox 290 1488 495 1526; x_wconf 87' lang='lat' dir='ltr'>Plausibus</span> <span class='ocrx_word' id='word_1_143' title='bbox 528 1500 574 1526; x_wconf 82' lang='lat' dir='ltr'>ex</span> <span class='ocrx_word' id='word_1_144' title='bbox 604 1489 700 1538; x_wconf 91' lang='lat' dir='ltr'>ipsis</span> <span class='ocrx_word' id='word_1_145' title='bbox 731 1487 865 1538; x_wconf 89' lang='lat' dir='ltr'>populi</span> <span class='ocrx_word' id='word_1_146' title='bbox 896 1487 1073 1538; x_wconf 88' lang='lat' dir='ltr'>laetoque</span> <span class='ocrx_word' id='word_1_147' title='bbox 1106 1487 1235 1526; x_wconf 86' lang='lat' dir='ltr'>favore</span> 
     </span>
     <span class='ocr_line' id='line_1_24' title="bbox 229 1545 1172 1597; baseline -0.001 -11"><span class='ocrx_word' id='word_1_148' title='bbox 229 1556 271 1586; x_wconf 85' lang='lat'>30</span> <span class='ocrx_word' id='word_1_149' title='bbox 352 1547 555 1597; x_wconf 84' lang='lat' dir='ltr'>Ingenium</span> <span class='ocrx_word' id='word_1_150' title='bbox 588 1545 750 1596; x_wconf 80' lang='lat' dir='ltr'>quodvis</span> <span class='ocrx_word' id='word_1_151' title='bbox 782 1545 989 1584; x_wconf 87' lang='lat' dir='ltr'>incaluisse</span> <span class='ocrx_word' id='word_1_152' title='bbox 1020 1552 1172 1596; x_wconf 87' lang='lat' dir='ltr'>potest.</span> 
     </span>
     <span class='ocr_line' id='line_1_25' title="bbox 292 1603 1400 1657; baseline 0.002 -16"><span class='ocrx_word' id='word_1_153' title='bbox 292 1603 465 1654; x_wconf 86' lang='lat' dir='ltr'>Tamque</span> <span class='ocrx_word' id='word_1_154' title='bbox 504 1616 574 1653; x_wconf 91' lang='lat' dir='ltr'>ego</span> <span class='ocrx_word' id='word_1_155' title='bbox 613 1605 869 1654; x_wconf 85' lang='lat' dir='ltr'>sumpsissem</span> <span class='ocrx_word' id='word_1_156' title='bbox 907 1604 973 1642; x_wconf 87' lang='lat' dir='ltr'>tali</span> <span class='ocrx_word' id='word_1_157' title='bbox 1005 1604 1171 1642; x_wconf 90' lang='lat' dir='ltr'>clamore</span> <span class='ocrx_word' id='word_1_158' title='bbox 1205 1605 1400 1657; x_wconf 80' lang='lat' dir='ltr'>vigorem,</span> 
     </span>
     <span class='ocr_line' id='line_1_26' title="bbox 353 1661 1286 1708; baseline 0 -8"><span class='ocrx_word' id='word_1_159' title='bbox 353 1663 477 1708; x_wconf 87' lang='lat' dir='ltr'>Quam</span> <span class='ocrx_word' id='word_1_160' title='bbox 508 1662 616 1701; x_wconf 85' lang='lat' dir='ltr'>rudis</span> <span class='ocrx_word' id='word_1_161' title='bbox 649 1663 779 1700; x_wconf 86' lang='lat' dir='ltr'>audita</span> <span class='ocrx_word' id='word_1_162' title='bbox 812 1662 921 1701; x_wconf 86' lang='lat' dir='ltr'>miles</span> <span class='ocrx_word' id='word_1_163' title='bbox 954 1662 1000 1701; x_wconf 90' lang='lat' dir='ltr'>ad</span> <span class='ocrx_word' id='word_1_164' title='bbox 1033 1675 1139 1701; x_wconf 89' lang='lat' dir='ltr'>arma</span> <span class='ocrx_word' id='word_1_165' title='bbox 1170 1661 1286 1701; x_wconf 89' lang='lat' dir='ltr'>tuba.</span> 
     </span>
     <span class='ocr_line' id='line_1_27' title="bbox 291 1719 1291 1771; baseline 0.001 -13"><span class='ocrx_word' id='word_1_166' title='bbox 291 1721 454 1759; x_wconf 88' lang='lat' dir='ltr'>Pectora</span> <span class='ocrx_word' id='word_1_167' title='bbox 487 1722 564 1758; x_wconf 86' lang='lat' dir='ltr'>sint</span> <span class='ocrx_word' id='word_1_168' title='bbox 596 1719 708 1758; x_wconf 89' lang='lat' dir='ltr'>nobis</span> <span class='ocrx_word' id='word_1_169' title='bbox 740 1720 894 1759; x_wconf 85' lang='lat' dir='ltr'>nivibus</span> <span class='ocrx_word' id='word_1_170' title='bbox 926 1721 1125 1771; x_wconf 85' lang='lat' dir='ltr'>glacieque</span> <span class='ocrx_word' id='word_1_171' title='bbox 1158 1720 1291 1759; x_wconf 86' lang='lat' dir='ltr'>licebit</span> 
     </span>
     <span class='ocr_line' id='line_1_28' title="bbox 351 1778 1318 1829; baseline 0.001 -13"><span class='ocrx_word' id='word_1_172' title='bbox 351 1780 476 1828; x_wconf 82' lang='lat' dir='ltr'>Atque</span> <span class='ocrx_word' id='word_1_173' title='bbox 509 1778 580 1816; x_wconf 92' lang='lat' dir='ltr'>hoc</span> <span class='ocrx_word' id='word_1_174' title='bbox 601 1809 611 1829; x_wconf 65' lang='lat'><em>7</em></span> <span class='ocrx_word' id='word_1_175' title='bbox 644 1790 759 1828; x_wconf 89' lang='lat' dir='ltr'>quem</span> <span class='ocrx_word' id='word_1_176' title='bbox 792 1780 945 1829; x_wconf 85' lang='lat' dir='ltr'>patior,</span> <span class='ocrx_word' id='word_1_177' title='bbox 978 1779 1179 1828; x_wconf 86' lang='lat' dir='ltr'>frigidiora</span> <span class='ocrx_word' id='word_1_178' title='bbox 1209 1778 1318 1818; x_wconf 86' lang='lat' dir='ltr'>loco:</span> 
     </span>
     <span class='ocr_line' id='line_1_29' title="bbox 224 1836 1224 1876; baseline -0.001 -1"><span class='ocrx_word' id='word_1_179' title='bbox 224 1846 266 1876; x_wconf 83' lang='lat'>35</span> <span class='ocrx_word' id='word_1_180' title='bbox 288 1836 351 1874; x_wconf 83' lang='lat' dir='ltr'>Illa</span> <span class='ocrx_word' id='word_1_181' title='bbox 385 1837 494 1874; x_wconf 87' lang='lat' dir='ltr'>ducis</span> <span class='ocrx_word' id='word_1_182' title='bbox 528 1837 645 1874; x_wconf 88' lang='lat' dir='ltr'>facies</span> <span class='ocrx_word' id='word_1_183' title='bbox 677 1837 716 1874; x_wconf 91' lang='lat' dir='ltr'>in</span> <span class='ocrx_word' id='word_1_184' title='bbox 750 1848 869 1874; x_wconf 89' lang='lat' dir='ltr'>curru</span> <span class='ocrx_word' id='word_1_185' title='bbox 905 1838 1042 1874; x_wconf 88' lang='lat' dir='ltr'>stantis</span> <span class='ocrx_word' id='word_1_186' title='bbox 1075 1836 1224 1874; x_wconf 91' lang='lat' dir='ltr'>eburno</span> 
     </span>
     <span class='ocr_line' id='line_1_30' title="bbox 351 1893 1230 1944; baseline 0.001 -12"><span class='ocrx_word' id='word_1_187' title='bbox 351 1895 563 1933; x_wconf 76' lang='lat' dir='ltr'>Excuteret</span> <span class='ocrx_word' id='word_1_188' title='bbox 597 1894 718 1944; x_wconf 86' lang='lat' dir='ltr'>frigus</span> <span class='ocrx_word' id='word_1_189' title='bbox 752 1893 931 1932; x_wconf 88' lang='lat' dir='ltr'>sensibus</span> <span class='ocrx_word' id='word_1_190' title='bbox 965 1906 1078 1932; x_wconf 87' lang='lat' dir='ltr'>omne</span> <span class='ocrx_word' id='word_1_191' title='bbox 1111 1896 1230 1933; x_wconf 86' lang='lat' dir='ltr'>meis.</span> 
     </span>
     <span class='ocr_line' id='line_1_31' title="bbox 294 1951 1351 2005; baseline 0.001 -14"><span class='ocrx_word' id='word_1_192' title='bbox 294 1953 362 1991; x_wconf 86' lang='lat' dir='ltr'>His</span> <span class='ocrx_word' id='word_1_193' title='bbox 395 1965 464 2003; x_wconf 88' lang='lat' dir='ltr'>ego</span> <span class='ocrx_word' id='word_1_194' title='bbox 499 1952 673 1990; x_wconf 87' lang='lat' dir='ltr'>defectus</span> <span class='ocrx_word' id='word_1_195' title='bbox 694 1984 704 2003; x_wconf 88' lang='lat'><em>‚</em></span> <span class='ocrx_word' id='word_1_196' title='bbox 736 1951 941 2002; x_wconf 88' lang='lat' dir='ltr'>dubiisque</span> <span class='ocrx_word' id='word_1_197' title='bbox 975 1953 1200 1991; x_wconf 87' lang='lat' dir='ltr'>auctoribus</span> <span class='ocrx_word' id='word_1_198' title='bbox 1232 1965 1351 2005; x_wconf 89' lang='lat' dir='ltr'>usus,</span> 
     </span>
     <span class='ocr_line' id='line_1_32' title="bbox 352 2011 1160 2061; baseline 0.001 -13"><span class='ocrx_word' id='word_1_199' title='bbox 352 2011 407 2049; x_wconf 83' lang='lat' dir='ltr'>Ad</span> <span class='ocrx_word' id='word_1_200' title='bbox 441 2012 559 2049; x_wconf 82' lang='lat' dir='ltr'>vestri</span> <span class='ocrx_word' id='word_1_201' title='bbox 592 2012 702 2048; x_wconf 79' lang='lat' dir='ltr'>venio</span> <span class='ocrx_word' id='word_1_202' title='bbox 734 2012 819 2049; x_wconf 89' lang='lat' dir='ltr'>iure</span> <span class='ocrx_word' id='word_1_203' title='bbox 852 2011 993 2049; x_wconf 76' lang='lat' dir='ltr'>favoris</span> <span class='ocrx_word' id='word_1_204' title='bbox 1026 2023 1160 2061; x_wconf 87' lang='lat' dir='ltr'>opem.</span> 
     </span>
     <span class='ocr_line' id='line_1_33' title="bbox 295 2069 1507 2120; baseline 0.001 -13"><span class='ocrx_word' id='word_1_205' title='bbox 295 2069 373 2108; x_wconf 80' lang='lat' dir='ltr'>Nec</span> <span class='ocrx_word' id='word_1_206' title='bbox 406 2069 499 2107; x_wconf 91' lang='lat' dir='ltr'>mihi</span> <span class='ocrx_word' id='word_1_207' title='bbox 531 2075 620 2107; x_wconf 89' lang='lat' dir='ltr'>nota</span> <span class='ocrx_word' id='word_1_208' title='bbox 653 2069 825 2120; x_wconf 86' lang='lat' dir='ltr'>ducum,</span> <span class='ocrx_word' id='word_1_209' title='bbox 858 2081 930 2107; x_wconf 88' lang='lat' dir='ltr'>nec</span> <span class='ocrx_word' id='word_1_210' title='bbox 963 2076 1053 2108; x_wconf 91' lang='lat' dir='ltr'>sunt</span> <span class='ocrx_word' id='word_1_211' title='bbox 1085 2069 1179 2108; x_wconf 90' lang='lat' dir='ltr'>mihi</span> <span class='ocrx_word' id='word_1_212' title='bbox 1210 2076 1301 2109; x_wconf 83' lang='lat' dir='ltr'>nota</span> <span class='ocrx_word' id='word_1_213' title='bbox 1332 2069 1507 2109; x_wconf 88' lang='lat' dir='ltr'>locorum</span> 
     </span>
     <span class='ocr_line' id='line_1_34' title="bbox 231 2127 1307 2167; baseline 0.002 -2"><span class='ocrx_word' id='word_1_214' title='bbox 231 2137 274 2166; x_wconf 78' lang='lat'>40</span> <span class='ocrx_word' id='word_1_215' title='bbox 354 2127 543 2165; x_wconf 81' lang='lat' dir='ltr'>Nomina.</span> <span class='ocrx_word' id='word_1_216' title='bbox 602 2129 804 2166; x_wconf 88' lang='lat' dir='ltr'>materiam</span> <span class='ocrx_word' id='word_1_217' title='bbox 835 2139 911 2165; x_wconf 89' lang='lat' dir='ltr'>non</span> <span class='ocrx_word' id='word_1_218' title='bbox 943 2127 1115 2166; x_wconf 84' lang='lat' dir='ltr'>habuere</span> <span class='ocrx_word' id='word_1_219' title='bbox 1148 2139 1307 2167; x_wconf 87' lang='lat' dir='ltr'>manus.</span> 
     </span>
     <span class='ocr_line' id='line_1_35' title="bbox 295 2185 1431 2239; baseline 0.002 -16"><span class='ocrx_word' id='word_1_220' title='bbox 295 2186 388 2224; x_wconf 88' lang='lat' dir='ltr'>Pars</span> <span class='ocrx_word' id='word_1_221' title='bbox 423 2191 539 2236; x_wconf 85' lang='lat' dir='ltr'>quota</span> <span class='ocrx_word' id='word_1_222' title='bbox 572 2185 618 2224; x_wconf 92' lang='lat' dir='ltr'>de</span> <span class='ocrx_word' id='word_1_223' title='bbox 652 2187 769 2224; x_wconf 85' lang='lat' dir='ltr'>tantis</span> <span class='ocrx_word' id='word_1_224' title='bbox 801 2185 919 2224; x_wconf 89' lang='lat' dir='ltr'>rebus</span> <span class='ocrx_word' id='word_1_225' title='bbox 938 2217 948 2236; x_wconf 82' lang='lat'><em>‚</em></span> <span class='ocrx_word' id='word_1_226' title='bbox 982 2198 1097 2236; x_wconf 87' lang='lat' dir='ltr'>quam</span> <span class='ocrx_word' id='word_1_227' title='bbox 1129 2186 1227 2224; x_wconf 87' lang='lat' dir='ltr'>fama</span> <span class='ocrx_word' id='word_1_228' title='bbox 1259 2186 1431 2239; x_wconf 87' lang='lat' dir='ltr'>referre,</span> 
     </span>
     <span class='ocr_line' id='line_1_36' title="bbox 354 2242 1292 2296; baseline 0.002 -15"><span class='ocrx_word' id='word_1_229' title='bbox 354 2245 429 2282; x_wconf 82' lang='lat' dir='ltr'>Aut</span> <span class='ocrx_word' id='word_1_230' title='bbox 462 2244 600 2294; x_wconf 89' lang='lat' dir='ltr'>aliquis</span> <span class='ocrx_word' id='word_1_231' title='bbox 633 2244 744 2282; x_wconf 89' lang='lat' dir='ltr'>nohis</span> <span class='ocrx_word' id='word_1_232' title='bbox 777 2243 949 2283; x_wconf 88' lang='lat' dir='ltr'>scribere</span> <span class='ocrx_word' id='word_1_233' title='bbox 981 2250 1142 2296; x_wconf 84' lang='lat' dir='ltr'>posset,</span> <span class='ocrx_word' id='word_1_234' title='bbox 1175 2242 1292 2283; x_wconf 83' lang='lat' dir='ltr'>erat?</span> 
     </span>
     <span class='ocr_line' id='line_1_37' title="bbox 296 2301 1380 2355; baseline 0.002 -15"><span class='ocrx_word' id='word_1_235' title='bbox 296 2301 380 2347; x_wconf 81' lang='lat' dir='ltr'>Quo</span> <span class='ocrx_word' id='word_1_236' title='bbox 414 2304 563 2353; x_wconf 80' lang='lat' dir='ltr'>magis,</span> <span class='ocrx_word' id='word_1_237' title='bbox 596 2314 617 2340; x_wconf 93' lang='lat' dir='ltr'>o</span> <span class='ocrx_word' id='word_1_238' title='bbox 649 2302 773 2341; x_wconf 84' lang='lat' dir='ltr'>lector</span> <span class='ocrx_word' id='word_1_239' title='bbox 792 2333 802 2353; x_wconf 63' lang='lat'><em>7</em></span> <span class='ocrx_word' id='word_1_240' title='bbox 835 2302 953 2341; x_wconf 88' lang='lat' dir='ltr'>debes</span> <span class='ocrx_word' id='word_1_241' title='bbox 984 2304 1217 2355; x_wconf 84' lang='lat' dir='ltr'>ignoscere,</span> <span class='ocrx_word' id='word_1_242' title='bbox 1250 2303 1380 2354; x_wconf 89' lang='lat' dir='ltr'>siquid</span> 
     </span>
     <span class='ocr_line' id='line_1_38' title="bbox 353 2359 1217 2412; baseline 0.001 -14"><span class='ocrx_word' id='word_1_243' title='bbox 353 2359 535 2398; x_wconf 88' lang='lat' dir='ltr'>Erratum</span> <span class='ocrx_word' id='word_1_244' title='bbox 569 2367 627 2399; x_wconf 87' lang='lat' dir='ltr'>est</span> <span class='ocrx_word' id='word_1_245' title='bbox 659 2360 737 2399; x_wconf 87' lang='lat' dir='ltr'>illic</span> <span class='ocrx_word' id='word_1_246' title='bbox 769 2362 1070 2412; x_wconf 86' lang='lat' dir='ltr'>praeteritumve</span> <span class='ocrx_word' id='word_1_247' title='bbox 1102 2360 1217 2399; x_wconf 87' lang='lat' dir='ltr'>mihi.</span> 
     </span>
    </p>
   </div>
  </div>
 </body>
</html>
