1570 2527
562 151 603 181 V.
632 152 698 183 723
708 150 809 183 —VL
835 151 891 182 49.
1311 147 1396 188 333

175 259 277 298 Ecce
310 259 402 297 deas
435 258 541 297 vidi:
584 270 662 296 non
696 270 793 309 quas
825 263 1058 309 praeceptor
1090 257 1224 296 arandi

237 317 420 368 Viderat,
452 318 640 355 Ascraeas
674 329 762 355 cum
797 322 1031 368 sequeretur
1064 329 1178 368 oves3

114 385 154 415 15
175 376 256 415 Nec
290 388 385 427 quas
418 375 634 414 Priamides
666 377 705 414 in
739 388 907 426 aquosae
941 375 1104 414 vallibus
1137 375 1225 414 Idae

237 435 439 474 Contulit:
485 447 531 474 ex
563 434 639 473 illis
673 434 740 473 sed
774 440 903 473 tamen
937 447 1013 473 una
1047 435 1142 473 suit.

177 494 233 532 Ex
266 493 342 532 illis
375 495 448 532 suit
480 506 583 533 una:
627 495 689 532 sui
721 505 905 544 germana
938 494 1090 545 mariti3

235 552 339 591 Haec
373 558 455 591 erat
475 584 485 604 ,
518 553 685 604 agnovi,
719 565 816 603 quae
850 558 926 591 stat
956 554 996 590 in
1030 564 1119 590 arce
1152 550 1274 590 Iovis.

177 611 418 650 Horrueram
451 613 647 662 tacitoque
682 613 854 650 animum
887 611 1032 662 pallore
1068 610 1239 649 fatebar.

114 679 156 709 20
236 670 336 709 Tum
369 670 468 722 dea,
503 682 600 721 quos
633 671 754 721 fecit,
788 670 949 709 sustulit
981 671 1064 720 ipsa
1098 676 1249 708 metus.

176 729 352 780 Namque
386 731 437 768 ait
471 726 513 767 eo
547 734 683 781 vates,
715 728 879 768 Romani
912 729 1091 767 conditor
1124 730 1237 780 anni,

236 788 339 827 Ause
371 801 442 840 per
475 790 636 839 exiguos
668 784 804 838 mag'na
837 788 988 826 referre
1022 788 1181 839 modos,

177 847 242 886 Ius
275 847 347 886 tibi
379 848 507 886 fecisti
539 859 685 885 numen
718 847 884 885 caeleste
919 847 1097 898 videndi,

238 906 334 944 Cum
368 905 514 956 placuit
546 907 721 944 numeris
754 906 924 944 condere
958 905 1055 943 festa
1089 906 1190 943 tuis.

114 973 157 1003 25
179 965 235 1003 Ne
268 971 399 1003 tamen
431 966 590 1013 ignores
623 964 803 1015 volgique
838 976 973 1002 errore
1007 963 1198 1014 traharis,

237 1023 373 1062 Iunius
407 1035 426 1061 a
459 1028 595 1061 nostro
628 1025 785 1061 nomine
819 1034 962 1061 nomen
994 1021 1133 1061 habet.

178 1082 249 1120 Est
281 1081 425 1132 aliquid
458 1083 640 1132 nupsisse
672 1081 780 1134 Iovi,
815 1081 915 1119 Iovis
951 1093 1036 1120 esse
1070 1092 1270 1119 sororem.

238 1140 375 1180 Fratre
409 1142 530 1190 magis
549 1171 559 1191 ,
593 1139 728 1178 dubito
750 1172 760 1192 ,
792 1140 968 1191 glorier,
1001 1151 1100 1178 anne
1134 1141 1240 1177 viro.

181 1200 220 1238 Si
254 1212 378 1250 genus
411 1200 630 1250 aspicitur,
665 1198 877 1237 Saturnum
910 1200 1034 1249 prima
1066 1203 1270 1249 parentem

114 1267 158 1298 30
237 1258 358 1310 Feci,
393 1258 551 1296 Saturni
583 1269 669 1295 sors
703 1270 773 1308 ego
806 1258 931 1307 prima
964 1257 1041 1295 fui.

179 1319 208 1355 A
240 1323 350 1368 patre
384 1317 486 1355 dicta
518 1328 606 1354 meo
641 1316 834 1366 quondam
870 1315 1053 1354 Saturnia
1085 1315 1207 1354 Roma
1241 1320 1322 1366 est,

238 1376 342 1414 Haec
374 1375 429 1414 illi
463 1388 483 1414 a
516 1374 621 1413 caelo
654 1376 832 1426 proxima
864 1380 969 1413 terra
1004 1374 1099 1412 fuit.

180 1435 221 1474 Si
252 1441 363 1473 torus
395 1436 435 1472 in
466 1435 593 1485 pretio
627 1439 715 1485 est,
747 1433 856 1471 dicor
888 1440 1066 1471 matrona
1098 1432 1309 1483 Tonantis,
1356 1467 1366 1477 ,

238 1493 452 1544 Iunctaque
485 1492 652 1543 Tarpeio
685 1498 777 1530 sunt
810 1504 893 1530 mea
928 1491 1068 1542 templa
1101 1491 1203 1529 Iovi.

117 1561 157 1592 35
178 1553 235 1591 An
267 1553 396 1603 potuit
426 1552 525 1590 Maio
558 1550 693 1602 paelex
726 1551 817 1589 dare
850 1552 1006 1589 nomina
1039 1552 1194 1602 mensi,

239 1610 310 1650 Hic
342 1611 468 1649 honor
499 1612 539 1648 in
573 1609 686 1648 nobis
717 1609 934 1648 invidiosus
968 1607 1076 1647 erit?

180 1670 259 1709 Cur
290 1671 410 1721 igitur
443 1670 577 1720 regina
609 1680 727 1707 vocor
758 1670 1023 1719 princepsque
1058 1667 1243 1716 dearum,

238 1730 367 1768 Aurea
399 1740 470 1766 cur
503 1727 663 1766 dextrae
696 1733 850 1778 sceptra
883 1727 1027 1765 dedere
1060 1723 1203 1765 lneae‘?

180 1789 236 1826 An
269 1788 414 1826 facient
446 1798 620 1825 mensem
653 1786 790 1837 luces,
823 1785 1050 1837 Lucinaque
1082 1784 1128 1823 ab
1162 1784 1237 1823 illis

114 1854 159 1885 40
239 1846 384 1898 Dicar,
416 1851 455 1884 et
488 1858 508 1884 a
541 1844 648 1884 nullo
681 1846 838 1883 nomina
871 1857 1006 1883 mense
1038 1841 1223 1883 traham?

179 1905 278 1944 Tum
311 1917 373 1944 me
405 1906 602 1956 paeniteat
632 1905 813 1955 posuisse
846 1903 1013 1942 fideliter
1044 1905 1123 1941 iras

237 1964 281 2002 In
314 1975 438 2014 genus
471 1962 650 2001 Electrae
683 1962 995 2012 Dardaniamque
1029 1961 1209 1999 domum,

179 2022 303 2061 Causa
335 2021 477 2072 duplex
508 2023 613 2059 irae:
657 2027 768 2071 rapto
802 2019 1022 2071 Ganymede
1056 2019 1257 2068 dolebam,

237 2080 378 2119 Forma
412 2091 567 2131 quoque
601 2079 714 2118 Idaeo
747 2078 876 2117 iudice
908 2080 1009 2117 victa
1042 2090 1126 2117 mea
1159 2084 1241 2116 est.

114 2148 157 2179 45
178 2140 410 2191 Paeniteat,
443 2139 547 2190 quod
579 2150 657 2176 non
691 2137 802 2176 foveo
836 2137 1081 2188 Carthaginis
1115 2149 1249 2189 arces,

239 2198 336 2237 Cum
369 2210 454 2236 mea
488 2199 566 2236 sint
597 2197 662 2235 illo
696 2209 838 2235 currus
871 2203 909 2235 et
941 2208 1047 2235 arma
1079 2196 1187 2234 loco.

181 2257 382 2296 Paeniteat
415 2257 582 2308 Sparten
616 2256 817 2306 Argosque
850 2267 1035 2306 measque
1068 2254 1250 2306 Mycenas

238 2315 287 2355 Et
319 2321 492 2354 veterem
525 2315 635 2353 Latio
670 2316 925 2365 supposuisse
960 2314 1129 2353 Samon:

178 2374 285 2413 Adde
319 2386 453 2413 senem
486 2375 639 2413 Tatium
660 2405 670 2425 ,
703 2373 1028 2424 Iunonicolasque
1062 2372 1257 2423 Faliscos,
