1570 2527
157 144 240 184 180
697 144 761 176 EX
785 144 944 176 PONTo

207 261 251 292 35
274 252 404 291 Redde
437 254 560 291 vicem
580 282 590 302 ,
623 263 694 290 nec
727 263 813 290 rara
848 253 905 291 tui
937 253 1174 291 monimenta
1205 252 1350 291 laboris

331 312 533 362 Accipiam
565 315 751 361 nostrae,
783 316 890 361 grata
922 311 1052 349 sutura
1072 342 1082 362 ,
1114 322 1272 349 manus.

273 369 341 408 Dic
374 376 532 419 tamen,
566 380 587 406 o
620 370 771 407 iuvenis
804 368 1024 407 studiorum
1056 369 1170 420 plene
1202 380 1403 421 meorum,

332 426 482 477 Ecquid
516 426 562 465 ab
595 426 655 465 his
688 428 784 478 ipsis
817 427 1048 465 admoneare
1080 429 1179 466 mei.

273 485 454 537 Ecquid,
496 484 562 523 ubi
600 491 667 524 aut
706 486 848 523 recitas
887 485 1031 523 factum
1070 485 1183 523 modo
1222 497 1380 524 carmen

1001 545 1160 595 amicis,

207 610 252 640 40
332 602 438 651 Aut,
471 601 575 653 quod
608 613 724 653 saepe
756 601 887 653 soles,
921 602 1042 652 exigis
1074 607 1117 640 ut
1148 603 1338 653 recitent,

275 659 483 712 Quaeror,
520 666 564 699 ut
601 659 798 699 interdum
837 661 900 711 pia
937 672 1078 711 mens,
1114 659 1231 698 oblita
1269 659 1363 711 quid

1002 717 1125 768 absit,
1435 726 1491 758 (96)

330 776 471 815 Nescio
505 776 598 828 quid
631 782 738 815 certe
770 777 889 815 sentit
920 776 1056 815 abesse
1089 774 1187 815 sui?

272 834 369 874 Utve
402 835 509 886 loqui
541 834 707 874 multum
739 834 787 873 de
821 847 881 873 me
913 840 1119 886 praesente
1152 834 1328 886 solebas,

331 893 444 932 Nunc
477 906 634 944 quoque
666 893 831 931 Nasonis
863 905 1004 931 nomen
1037 894 1076 931 in
1110 905 1177 931 ore
1209 900 1277 932 tuo
1310 890 1404 932 est?

209 960 253 990 45
275 951 360 1003 Ipse
394 951 550 1003 quidem
584 951 719 990 Getico
752 963 910 1003 peream
943 951 1107 990 violatus
1139 951 1185 990 ab
1217 963 1336 1002 arcu,
1363 973 1405 978 —

331 1010 381 1049 Et
413 1012 463 1049 sit
494 1011 645 1061 periuri
678 1022 794 1060 quam
826 1022 947 1061 prope
980 1022 1128 1061 poena,
1160 1009 1268 1048 vides
1296 1031 1338 1036 —

273 1068 327 1107 Te
361 1070 437 1107 nisi
470 1069 676 1107 momentis
710 1069 820 1106 video
854 1080 975 1118 paene
1009 1067 1190 1107 omnibus
1222 1068 1386 1107 absens.

331 1126 463 1166 Gratia
495 1126 577 1178 dis,
610 1128 731 1165 menti
765 1126 939 1177 quolibet
970 1128 1027 1164 ire
1060 1126 1171 1165 licet.

272 1184 352 1224 Hac
385 1184 452 1223 ubi
484 1186 674 1236 perveni,
706 1184 803 1223 nulli
835 1184 1085 1235 cernendus,
1116 1186 1157 1223 in
1188 1183 1356 1236 Urbem,

209 1252 252 1282 50
334 1242 457 1294 Saepe
488 1243 628 1293 loquor
661 1249 820 1294 tecum,
853 1254 968 1294 saepe
999 1242 1184 1293 loquente
1217 1243 1349 1282 fruor.

274 1301 374 1340 Tum
406 1301 501 1340 inihi
519 1332 530 1352 ,
563 1300 721 1339 difficile
754 1307 842 1352 est,
875 1313 990 1352 quam
1023 1302 1073 1339 sit
1103 1300 1203 1339 bene
1222 1332 1233 1352 ,
1265 1301 1420 1353 dicere,

1000 1371 1195 1410 quamque

332 1417 502 1457 Candida
534 1417 689 1456 iudiciis
720 1416 783 1456 illa
816 1418 867 1456 sit
897 1417 992 1455 hora
1024 1419 1144 1456 meis.

272 1476 372 1515 Tum
405 1488 466 1514 me
487 1508 496 1526 ,
529 1477 639 1526 siqua
672 1475 797 1527 fides,
830 1475 988 1514 caelesti
1020 1475 1112 1514 sede
1144 1481 1347 1528 receptum

332 1534 430 1573 Cum
463 1535 671 1573 fortunatis
705 1535 884 1586 suspicor
917 1546 1003 1572 esse
1035 1533 1142 1573 deis.

207 1602 250 1632 55
272 1593 424 1632 Rursus
456 1592 524 1631 ubi
555 1592 632 1631 huc
664 1592 792 1645 redii,
831 1592 981 1631 caelum
1014 1604 1256 1644 superosque
1288 1591 1491 1645 relinquo,

330 1652 360 1690 A
395 1651 510 1702 Styge
544 1663 616 1690 nec
649 1651 762 1701 longe
795 1650 955 1689 Pontica
988 1650 1106 1690 distat
1136 1650 1302 1690 humus.

273 1709 384 1748 Unde
417 1721 488 1759 ego
522 1711 554 1747 si
587 1709 663 1748 fato
697 1711 800 1748 nitor
833 1709 1067 1760 prohibente
1100 1711 1268 1760 reverti,

332 1767 450 1819 Spem
482 1767 566 1806 sine
597 1767 778 1818 prosectu
797 1797 808 1818 ,
840 1767 1004 1806 Maxime
1025 1797 1035 1816 ,
1067 1767 1158 1806 tolle
1190 1767 1308 1807 mihi.

779 1894 858 1942 Vl.

273 2000 375 2039 Naso
410 2013 510 2051 suo,
542 2001 673 2052 posuit
705 2011 846 2038 nomen
880 2001 943 2038 cui
975 2012 1098 2051 paene
1118 2032 1128 2052 ,
1159 2000 1282 2040 sodali

331 2059 450 2098 Mittit
482 2058 528 2097 ab
561 2058 724 2098 Euxinis
755 2058 829 2097 hoc
862 2057 978 2097 breve
1012 2071 1168 2098 carmen
1201 2060 1334 2110 aquis.

273 2118 321 2156 At
353 2118 387 2156 si
420 2123 531 2156 cauta
563 2129 700 2168 parum
734 2118 958 2167 scripsisset
989 2116 1123 2156 dextra
1142 2148 1153 2169 ,
1185 2119 1272 2168 quis
1304 2128 1435 2170 esses,

335 2175 515 2214 Forsitan
549 2176 677 2214 officio
710 2181 819 2226 parta
853 2174 1023 2226 querella
1056 2176 1180 2215 soret.

234 2241 254 2272 5
276 2232 354 2272 Cur
387 2240 516 2272 tamen
536 2265 547 2285 ,
578 2233 654 2272 hoc
686 2233 770 2272 aliis
802 2238 930 2272 tutum
961 2233 1244 2286 credentibus,
1275 2246 1401 2286 unuS‚
1436 2241 1492 2275 (97)

332 2291 539 2343 Appellent
570 2304 618 2330 ne
651 2297 690 2330 te
722 2293 894 2330 carmina
924 2297 1081 2344 nostra,
1113 2290 1262 2342 rogas?

275 2348 428 2394 Quanta
460 2351 510 2389 sit
541 2351 580 2388 in
614 2349 740 2389 media
773 2350 978 2389 clementia
1009 2349 1186 2389 Caesaris
1217 2353 1299 2403 ira,
