1570 2527
98 113 180 153 196
640 110 703 142 Ex
728 109 887 142 PONTo

703 239 832 287 VIII.

213 338 359 376 Littera
393 348 477 375 sera
511 335 667 386 quidem
687 366 698 386 ,
730 334 870 373 studiis
903 333 1055 373 exculte
1088 333 1221 386 Suilli,

273 396 357 434 Huc
390 401 454 433 tua
487 395 694 445 pervenit,
727 393 795 432 sed
829 393 922 431 mihi
955 399 1063 444 grata
1096 399 1247 446 tamen,

215 454 297 500 Qua
317 486 327 505 ,
360 454 422 503 pia
455 454 488 491 si
519 454 641 503 possit
677 464 841 502 superos
874 452 997 490 lenire
1029 452 1200 501 rogando

274 512 434 562 Gratia,
467 511 638 550 laturum
671 516 707 549 te
740 510 836 548 mihi
868 510 966 548 dicis
998 521 1135 560 opem.

174 580 193 611 5
215 571 263 610 Ut
295 573 370 609 iam
404 569 458 608 nil
490 576 666 621 praestes
686 601 696 620 ,
729 570 846 606 animi
880 580 966 607 sum
999 568 1124 607 sactus
1157 569 1270 607 amici

273 628 464 679 Debitor,
497 634 536 667 et
567 629 752 666 meritum
785 626 881 665 velle
914 629 1046 665 iuvare
1078 639 1196 665 voco.

214 688 386 739 Impetus
418 688 492 725 iste
526 693 618 725 tuus
644 685 803 736 longum
831 685 943 723 modo
970 685 1085 724 duret
1110 687 1150 724 in
1183 697 1339 738 aevum,
1362 695 1435 727 (121)

275 746 378 784 Neve
412 745 522 783 malis
556 747 680 795 pietas
712 746 763 783 sit
794 750 860 783 tua
893 744 993 782 lassa
1025 745 1145 782 meis.

216 805 281 844 Ius
314 804 469 855 aliquod
503 803 651 842 faciunt
683 803 823 841 adfinia
855 802 1009 841 vincula
1041 802 1176 854 nobis,

154 872 195 903 10
276 863 383 909 Quae
416 875 571 914 semper
603 869 784 900 maneant
815 861 1045 899 inlabefacta
1064 892 1075 913 ,
1107 873 1270 911 precor.

215 922 311 961 Nam
345 921 416 960 tibi
448 933 546 972 quae
580 922 779 972 coniunx,
812 920 946 958 eadem
979 920 1072 958 mihi
1106 919 1180 958 filia
1213 932 1351 972 paene3

274 980 323 1018 Et
356 992 453 1030 quae
486 985 525 1018 te
557 991 746 1029 generum
765 1010 775 1030 ,
807 991 869 1017 me
901 984 1012 1016 vocat
1045 977 1107 1016 illa
1139 980 1289 1018 virum.

217 1038 261 1077 Ei
295 1038 388 1077 mihi
407 1069 418 1090 ,
451 1039 485 1077 si
516 1037 627 1076 lectis
660 1038 810 1076 vultum
843 1043 884 1076 tu
919 1036 1097 1075 versibus
1130 1039 1215 1075 istis

276 1097 394 1136 Ducis
427 1103 465 1135 et
497 1097 662 1135 adfinem
694 1102 732 1134 te
766 1095 887 1146 pudet
919 1107 1003 1133 esse
1037 1095 1189 1134 meum!

155 1163 195 1195 15
217 1155 265 1194 At
296 1155 393 1194 nihil
424 1155 487 1193 hic
519 1155 680 1204 dignum
713 1155 860 1204 poteris
893 1154 1068 1204 reperire
1101 1153 1249 1205 pudore

275 1213 437 1252 Praeter
470 1213 688 1263 fortunam,
723 1224 821 1263 quae
855 1211 949 1250 mihi
982 1224 1095 1250 caeca
1128 1213 1223 1251 fuit.

218 1272 296 1311 Seu
328 1284 451 1323 genus
484 1273 657 1310 excutias
677 1302 686 1318 ,
720 1272 873 1322 equites
905 1270 952 1308 ab
985 1272 1134 1321 origine
1166 1272 1288 1322 prima

276 1330 406 1381 Usque
440 1342 509 1382 per
540 1332 769 1368 innumeros
801 1330 1047 1367 inveniemur
1079 1341 1192 1368 avos:

218 1389 306 1428 Sive
339 1389 432 1427 velis
452 1420 463 1440 ,
495 1390 563 1439 qui
595 1389 673 1426 sint
705 1399 834 1426 mores
865 1389 1066 1438 inquirere
1099 1389 1246 1440 nostri,

154 1455 197 1487 20
277 1447 462 1486 Errorem
496 1449 639 1485 misero
673 1446 862 1498 detrahe,
895 1445 981 1484 labe
1014 1453 1170 1485 carent.

218 1505 275 1545 Tu
310 1506 423 1545 modo
457 1505 586 1556 siquid
619 1506 679 1556 agi
712 1504 887 1555 sperabis
919 1516 1035 1556 posse
1067 1504 1286 1557 precando,

277 1564 382 1610 Quos
415 1563 510 1602 colis
530 1594 540 1614 ,
572 1575 688 1602 exora
722 1563 896 1614 supplice
930 1575 1023 1602 voce
1057 1564 1173 1603 deos.

218 1622 263 1661 Di
294 1622 365 1661 tibi
397 1624 474 1661 sint
507 1622 647 1661 Caesar
680 1623 861 1661 iuvenis.
917 1628 984 1661 tua
1015 1623 1174 1661 numina
1205 1622 1336 1674 placa.

278 1680 355 1719 Hac
388 1687 493 1719 certe
530 1681 631 1719 nulla
666 1686 725 1719 est
755 1682 885 1719 notior
917 1693 981 1719 ara
1013 1680 1106 1720 tibi.

153 1748 196 1781 ‘25
217 1739 302 1777 Non
336 1740 426 1777 sinit
458 1738 521 1777 illa
554 1741 614 1777 sui
647 1751 762 1777 vanas
795 1740 980 1778 antistitis
1013 1751 1198 1789 umquam

278 1797 372 1836 Esse
405 1809 570 1848 preces.
628 1799 773 1835 nostris
805 1797 896 1835 hinc
929 1803 1016 1847 pete
1050 1797 1169 1835 rebus
1202 1809 1337 1848 opem.

217 1855 439 1901 Quamlibet
471 1857 608 1905 exigua
641 1857 673 1893 si
705 1867 776 1893 nos
809 1867 852 1893 ea
885 1857 1026 1893 iuverit
1058 1868 1180 1907 aura,

278 1914 426 1953 Obruta
459 1914 506 1952 de
540 1913 676 1952 mediis
709 1913 847 1952 cumba
880 1920 1060 1964 resurget
1091 1916 1225 1965 aquiS.

218 1973 329 2012 Tunc
362 1985 431 2023 ego
465 1978 552 2011 tura
584 1973 705 2010 seram
742 1972 886 2023 rapidis
919 1972 1120 2011 sollemnia
1152 1973 1340 2026 flammis,
1360 1983 1434 2015 (122)

147 2027 198 2071 ΒΟ
279 2031 325 2070 Et
359 2031 509 2069 valeant
542 2036 729 2081 quantum
763 2032 920 2069 numina
940 2063 950 2083 ,
982 2033 1095 2070 testis
1128 2043 1217 2070 ero.

218 2090 298 2129 Nec
333 2089 402 2128 tibi
434 2090 481 2128 de
513 2089 625 2128 Pario
660 2095 854 2140 statuam,
887 2089 1115 2129 Germanice
1136 2121 1146 2141 ,
1178 2090 1365 2142 templum

276 2148 497 2187 Marmore.
553 2149 699 2199 carpsit
731 2160 823 2199 opes
855 2147 917 2186 illa
950 2150 1062 2186 ruina
1095 2160 1222 2187 meas.

219 2206 377 2257 Templa
410 2207 548 2245 domus
580 2207 723 2245 sacient
755 2206 863 2245 vobis
896 2206 1092 2257 urbesque
1124 2206 1281 2247 beatae.

277 2265 377 2304 Naso
411 2267 491 2304 suis
524 2264 663 2316 opibus
682 2296 693 2317 ,
726 2266 896 2304 carmine
928 2271 1062 2316 gratus
1095 2267 1193 2304 erit.

155 2332 197 2362 35
218 2323 339 2362 Parva
373 2324 529 2374 quidem
562 2323 686 2362 fateor
717 2336 788 2375 pro
821 2325 969 2375 magnis
1003 2335 1165 2362 munera
1196 2324 1330 2376 reddi,
