1570 2527
83 102 168 144 212
446 104 510 135 Ex
534 103 691 136 PONTo
718 104 778 136 1v.
805 111 877 136 xv1
898 106 1045 137 17—52.

200 212 427 263 Ingeniique
461 213 521 249 sui
554 211 681 249 dictus
714 214 942 262 cognomine
974 212 1146 265 Largus,

261 271 402 309 Gallica
435 271 502 320 qui
532 269 746 320 Phrygium
778 270 887 308 duxit
918 272 958 309 in
991 283 1080 310 arva
1112 284 1270 311 senem:

203 329 356 379 Quique
384 329 486 366 canit
512 327 696 366 domitam
718 327 945 368 Camerinus
972 329 1018 367 ab
1045 330 1212 369 Hercule
1234 330 1419 370 Troiam:

138 396 181 426 20
261 387 413 437 Quique
447 398 516 424 sua
548 398 691 425 nomen
722 386 895 437 Phyllide
928 387 1081 427 Tuscus
1112 389 1252 428 habet:

202 445 438 495 Velivolique
472 446 588 482 maris
620 457 763 483 nomen
781 476 792 496 7
825 447 889 483 cui
921 446 1081 484 credere
1114 449 1240 498 possis

261 503 439 542 Carmina
471 503 671 541 caeruleos
704 505 970 554 composuisse
1002 504 1120 544 deos:

204 562 357 612 Quique
390 563 492 600 acies
525 560 687 612 Libycas
721 562 970 612 Romanaque
1002 563 1151 613 proelia
1182 563 1301 602 dixit:

261 620 310 658 Et
341 620 485 658 Marius
504 651 515 672 ,
548 621 683 670 scripti
715 620 851 658 dexter
882 622 922 658 in
954 633 1067 659 omne
1099 634 1246 672 genus:

137 688 181 718 25
202 679 507 729 Trinacriusque
541 690 632 716 suae
665 678 872 716 Perseidos
905 686 1069 730 auctor,
1102 686 1141 718 et
1172 686 1308 719 auctor

262 737 484 775 Tantalidae
517 737 672 775 reducis
705 737 1025 788 'l'yiidaridosque
1057 737 1214 789 Lupus:

202 795 252 835 Et
284 798 350 846 qui
381 796 595 834 Maeoniam
626 795 839 833 Phaeacida
873 799 1018 844 vertit,
1051 803 1090 835 et
1121 809 1197 835 una

260 854 487 892 Pindaricae
519 854 660 892 fidicen
692 860 734 892 tu
768 866 922 904 quoque
942 886 952 906 ,
985 855 1083 893 Rufe
1103 887 1114 907 7
1145 855 1273 906 lyrae:

203 913 391 963 Musaque
423 913 592 950 Turrani
624 913 780 963 tragicis
814 914 944 950 innixa
977 913 1203 964 cothurnis,

140 980 184 1011 30
263 971 312 1009 Et
343 977 409 1009 tua
442 983 530 1009 cum
563 983 676 1008 socco
709 970 817 1009 Musa
837 1004 846 1021 ,
879 971 1031 1009 Melisse
1052 1004 1062 1023 7
1094 971 1192 1009 levi.

205 1029 301 1068 Cum
334 1029 455 1068 Varus
489 1029 766 1080 Gracchusque
799 1029 937 1067 darent
977 1031 1058 1067 fera
1090 1030 1192 1068 dicta
1224 1032 1422 1083 tyrannis,

265 1087 488 1126 Callimachi
519 1087 709 1125 Proculus
742 1087 855 1125 molle
889 1094 1042 1126 teneret
1074 1090 1172 1126 iter:

205 1147 367 1197 Tityron
399 1147 578 1196 antiquas
609 1157 824 1196 passerque
856 1145 1004 1184 rediret
1035 1146 1082 1184 ad
1114 1145 1279 1199 herbas,
1371 1165 1420 1174 —-

263 1207 440 1255 Aptaque
473 1206 629 1241 venanti
662 1203 817 1242 Gratius
851 1216 955 1242 arma
987 1204 1119 1243 daret:

140 1272 185 1302 35
206 1263 346 1301 Naidas
378 1275 399 1301 a
431 1264 571 1313 satyris
604 1268 763 1300 caneret
793 1262 991 1300 Fontanus
1024 1269 1191 1314 amatas,

265 1321 472 1360 Clauderet
503 1320 718 1371 imparibus
751 1320 867 1358 verba
900 1320 1051 1371 Capella
1082 1321 1229 1359 modis.

206 1380 381 1430 Cumque
414 1380 542 1417 forent
568 1379 659 1430 alii,
686 1391 853 1430 quorum
878 1379 973 1416 mihi
1006 1385 1146 1417 cuncta
1178 1379 1327 1418 referre
1349 1388 1424 1421 (146)

265 1438 429 1476 Nomina
461 1437 574 1488 longa
607 1449 715 1475 mora
746 1443 834 1488 est,
867 1439 1038 1476 carmina
1070 1438 1207 1488 vulgus
1240 1438 1378 1490 habet3

206 1496 349 1535 Essent
381 1502 419 1535 et
451 1497 611 1534 iuvenes
630 1527 641 1547 ,
674 1507 841 1546 quorum
873 1496 976 1546 quod
1009 1496 1153 1534 inedita
1185 1508 1280 1535 cura
1311 1504 1394 1548 est,

140 1564 186 1595 40
259 1554 588 1606 Adpellandorum
621 1554 675 1592 nil
707 1554 801 1592 mihi
832 1555 930 1592 iuris
963 1554 1093 1592 adest.

207 1613 261 1652 Te
295 1620 422 1652 tamen
455 1615 494 1651 in
526 1612 640 1651 turha
672 1625 749 1650 non
782 1615 904 1650 ausim
923 1644 934 1664 7
966 1612 1076 1651 Cotta
1095 1645 1106 1664 ,
1138 1612 1276 1665 silere,

267 1672 466 1710 Pieridum
497 1671 628 1709 lumen
660 1671 976 1721 praesidiumque
1011 1672 1108 1722 fori,

208 1730 405 1769 Maternos
439 1729 570 1767 Cottas
602 1731 667 1767 cui
698 1729 971 1779 Messallasque
1004 1736 1186 1779 paternos

267 1788 430 1826 Maxima
463 1787 643 1825 nobilitas
675 1788 909 1836 ingeminata
942 1787 1069 1825 dedit.

144 1855 189 1885 45
211 1846 347 1885 Dicere
380 1848 413 1884 si
445 1846 501 1884 sas
534 1851 593 1883 est
613 1877 622 1894 7
654 1845 757 1883 claro
789 1857 873 1882 mea
906 1847 1061 1883 nomine
1094 1845 1203 1884 Musa

268 1906 394 1955 Atque
426 1906 528 1942 inter
560 1909 686 1942 tantos
721 1915 818 1954 quae
850 1903 1046 1953 legeretur
1065 1935 1075 1955 7
1109 1910 1213 1942 erat.

210 1963 314 2013 Ergo
347 1969 583 2001 summotum
615 1964 740 2012 patria
770 1962 1053 2013 proscindere,
1087 1962 1225 2015 Livor,

271 2023 446 2072 Desine,
479 2033 555 2059 neu
588 2022 741 2059 cineres
774 2032 940 2071 sparge,
974 2027 1164 2072 cruente,
1198 2033 1325 2060 meos.

215 2080 351 2118 Omnia
383 2080 648 2129 perdidiinus:
690 2078 955 2117 tantummodo
990 2081 1063 2117 vita
1096 2079 1231 2118 relicta
1263 2086 1345 2132 est,

149 2146 193 2176 50
272 2138 461 2176 Praebeat
492 2143 536 2176 ut
568 2149 726 2176 sensum
758 2139 1037 2187 materiamque
1071 2138 1180 2176 mali.

216 2196 315 2241 Quid
348 2198 453 2234 iuvat
486 2197 676 2234 extinctos
709 2196 858 2233 ferrum
890 2195 1094 2233 demittere
1126 2197 1166 2233 in
1199 2194 1341 2235 artus?

273 2254 359 2292 Non
391 2254 507 2292 habet
539 2255 579 2292 in
610 2254 722 2292 nobis
754 2256 829 2291 iam
861 2265 958 2292 nova
989 2254 1099 2305 plaga
1130 2254 1281 2292 locum.
