1570 2527
180 94 315 130 XXXX

181 217 215 242 ν.
258 205 351 242 143.
425 215 493 242 ars
530 205 611 241 erat
646 203 715 240 illa
751 202 1005 251 interpretor:
1043 202 1141 239 illud
1178 202 1282 252 quod
1319 205 1505 251 superest,
1566 243 1570 246 ,

181 274 255 310 ars,
288 262 359 300 hoc
391 264 462 310 est,
495 260 688 299 artificum
715 258 946 298 Cui-ensium
976 261 1098 308 labor,
1130 262 1175 298 ub
1201 262 1261 298 est
1286 260 1398 298 Pont.
1425 261 1506 298 IIII

181 329 195 357 1
234 322 306 369 29,
343 320 430 358 fuit.
505 322 605 357 artes
643 318 718 356 dici
755 319 881 357 solent
919 318 1022 367 apud
1058 319 1218 367 latinos,
1264 317 1332 356 sed
1368 316 1505 366 τέχνη,

181 376 364 426 τέχνημα
399 377 530 427 graeci
565 378 715 426 poetae.
872 374 952 415 158
986 384 1160 415 SECUTA
1191 384 1344 415 VICEM.
1415 376 1508 414 libri

181 439 307 475 secuta
351 438 487 474 virum.
638 432 720 473 391
767 442 978 473 HosmTIo
1023 443 1239 474 IUNcTUM.
1312 434 1404 472 libri
1445 435 1507 472 ho-

179 496 292 542 spitio
323 496 508 537 iuuenem,
541 505 639 543 quae
666 493 844 531 Herculis
877 495 985 530 aetas
1012 505 1248 542 quamquam
1272 491 1313 529 II
1341 493 1421 531 305
1449 492 1505 530 in-

180 552 348 601 dicatur,
392 564 470 590 non
505 551 713 590 videbatur
751 551 956 588 convenire
995 550 1267 599 appellationi,
1308 562 1407 600 quae
1446 552 1508 588 ter
1561 556 1566 561 '

180 610 291 648 adest
321 623 381 648 vv.
405 611 487 648 388
511 610 604 648 394.
680 621 724 647 ac
753 609 910 647 videtur
940 608 1153 657 hospitium
1184 607 1375 646 traditum
1405 608 1505 646 insser

181 667 388 706 Chironem
421 670 460 705 et
491 668 701 705 Herculem
733 667 944 705 secundum
975 666 1169 705 Theocrit.
1202 675 1268 705 VII
1302 668 1401 715 149,
1439 666 1509 704 ubi

180 726 297 764 schol.
330 726 443 764 ποιεῖ
474 724 520 764 δὲ
551 723 626 764 τὸν
655 722 843 773 Χείρωνα
875 721 1269 772 ευναποδεχόμενον
1293 724 1353 775 τῷ
1379 721 1507 774 Φόλῳ

178 781 253 822 τὸν
285 781 505 832 Ἡρακλέα,
538 786 577 821 et
607 783 790 822 Philostr.
823 783 914 820 Her.
947 796 982 831 p.
1018 784 1117 831 308,
1152 784 1206 821 20
1238 782 1358 831 Kays.
1391 779 1506 829 θαμί-

178 842 263 881 ζειν
307 840 352 880 δὲ
397 839 463 880 καὶ
505 838 710 889 Ἡρακλέα
752 841 811 891 τῷ
852 838 1045 888 Χείρωνι,
1091 837 1162 879 ὅτε
1206 839 1258 889 μὴ
1302 836 1507 887 ἀπάγοιεν

179 897 308 939 αὐτὸν
341 897 380 938 οἱ
412 895 543 938 ἇθλοι.

296 954 401 996 LIB.
439 954 500 995 VI
537 955 593 995 40
634 965 663 994 A
700 965 853 996 NULLO
895 965 1075 995 NOMINA
1118 965 1266 996 MENSE
1305 964 1506 995 TRAHAM.

181 1016 316 1054 obelus
359 1015 561 1065 ponendus
609 1018 710 1064 erat,
754 1015 787 1053 si
823 1015 1096 1064 inherpretatio
1133 1016 1244 1053 nulla
1281 1016 1506 1064 suppeteret

178 1077 335 1122 praeter
366 1075 569 1123 vulgarem
601 1076 641 1111 et
670 1076 848 1111 veterum
874 1073 1205 1122 scholasticorum,
1238 1085 1340 1123 quas
1359 1073 1503 1111 adscri-

180 1133 242 1180 psi
267 1133 310 1169 in
336 1131 394 1170 ed.
415 1132 538 1170 Reim.
608 1132 735 1182 quivis
759 1132 904 1169 mensis
924 1131 1107 1180 Lucinae,
1133 1143 1232 1181 quae
1256 1131 1362 1169 luces
1388 1131 1506 1180 dedit,

180 1190 298 1228 debet
330 1190 489 1240 aliquid,
520 1191 566 1227 uh
596 1202 632 1228 v.
667 1191 717 1228 79
752 1191 822 1238 est,
854 1202 995 1228 nomen
1025 1190 1134 1227 fecit:
1167 1202 1213 1227 ea
1242 1189 1400 1227 nomina
1429 1201 1507 1226 non

178 1248 254 1285 nisi
285 1248 333 1285 ab
365 1260 441 1285 uno
475 1247 546 1286 dea
570 1245 671 1286 velit
695 1249 852 1291 trahere,
878 1251 984 1296 puto,
1017 1248 1216 1296 retrahere,
1246 1249 1293 1285 uk
1318 1249 1378 1286 est
1403 1247 1507 1296 apud

180 1306 361 1344 Tacitum
385 1306 484 1343 Ann.
504 1306 601 1343 XIII
624 1307 675 1343 23
697 1307 908 1344 oblitterata
933 1308 1078 1344 aerarii
1101 1307 1257 1344 nomina
1280 1306 1505 1348 retrahebat,

180 1364 284 1412 apud
321 1364 549 1402 Terentium
586 1363 728 1402 Hcauss.
769 1365 850 1402 678
898 1365 1086 1402 retrahere
1124 1363 1359 1411 (fztyz‘tivam)
1392 1375 1507 1411 pecu-

179 1424 307 1468 niarm
340 1423 487 1460 trahere
517 1423 693 1460 decumas
723 1422 828 1470 apud
859 1421 1083 1460 Ciceronem
1114 1421 1226 1460 Verr.
1257 1421 1318 1459 III
1351 1423 1432 1459 227
1466 1422 1507 1459 in

179 1480 292 1518 libris
325 1480 572 1529 quibusdam3
606 1481 820 1518 contrahere
843 1482 1050 1528 pecuniam
1081 1480 1176 1518 satis
1208 1480 1382 1528 vulgare.

184 1535 264 1576 178
308 1545 505 1577 MISERAT
548 1546 667 1576 ANTE
715 1546 869 1577 FERAS.
941 1538 1038 1575 nihil
1082 1538 1213 1576 sanius
1255 1538 1328 1576 hoc
1378 1549 1504 1575 versu.

182 1596 290 1634 tellus
322 1598 381 1633 est
413 1608 512 1646 quae
543 1599 633 1644 post
664 1608 784 1645 aquas
819 1598 919 1644 173,
952 1608 1082 1634 aerem
1118 1596 1217 1643 175,
1253 1596 1311 1634 ita
1341 1607 1505 1633 comme-

180 1653 370 1691 moranda
401 1656 498 1703 erat,
529 1656 574 1692 ut
605 1653 718 1692 Pont.
749 1654 767 1691 I
798 1662 827 1691 X
849 1655 871 1692 9
907 1654 1013 1702 Quod
1041 1665 1158 1697 mare,
1190 1654 1288 1701 quod
1318 1654 1426 1692 tellus
1455 1674 1503 1680 —

181 1731 235 1738 -—
275 1713 372 1759 Quod
408 1713 542 1750 educat
572 1723 654 1760 aer,
695 1712 787 1750 Met.
825 1711 924 1748 VIII
957 1713 1040 1750 830
1078 1712 1176 1760 quod
1204 1714 1365 1759 pontus,
1408 1713 1507 1759 quod

183 1773 298 1819 terra,
329 1771 427 1817 quod
458 1771 591 1808 educat
622 1780 697 1808 aer.
771 1781 817 1807 ea
849 1773 945 1813 ante,
977 1769 1048 1807 hoc
1074 1772 1143 1819 est,
1171 1770 1275 1819 olim,
1307 1771 1352 1807 ut
1377 1769 1396 1807 I
1421 1771 1504 1809 337

181 1826 281 1865 Ante
312 1829 398 1866 deos
427 1828 570 1866 homini
600 1828 695 1875 rell.‚
727 1827 762 1864 V
791 1829 870 1866 198
897 1829 1103 1875 fortunatis
1134 1831 1220 1866 ante
1249 1829 1370 1876 fuisse
1399 1829 1505 1877 viris,

180 1885 238 1923 VI
270 1887 350 1924 265
383 1897 479 1933 quae
507 1897 608 1924 mmo
643 1889 785 1929 manet,
824 1889 910 1924 ante
945 1887 1080 1934 fuisse,
1123 1898 1169 1924 ea
1210 1886 1334 1937 igitur
1371 1888 1505 1935 captas

181 1944 449 1993 undecumque
485 1943 590 1982 feras
626 1944 667 1981 in
703 1944 897 1993 lepore-ria
934 1943 975 1982 eb
1018 1941 1294 1992 παραδείεουε
1334 1944 1506 1994 miserat,

182 2002 248 2039 ubi
280 2002 490 2040 alerentur.
639 1998 722 2040 316
760 2010 1032 2049 STRATAQUE
1065 2011 1166 2040 ΕΒΑ.
1238 2002 1330 2040 libri
1354 2002 1506 2040 Strata-

181 2071 250 2107 que
281 2064 373 2108 erat,
405 2060 600 2099 locutione
630 2060 866 2098 inconcinna.
942 2061 1061 2099 etiam
1093 2061 1239 2099 Seneca
1268 2060 1367 2109 Epp.
1387 2059 1506 2097 XIIII

180 2125 214 2155 11
254 2119 306 2156 23
338 2130 497 2167 panem,
535 2130 643 2166 quem
671 2120 799 2167 primo
843 2120 937 2157 cinis
974 2120 1121 2158 calidus
1157 2122 1191 2157 et
1225 2119 1374 2166 fervens
1413 2121 1506 2156 testa

176 2178 354 2225 per-coxit,
387 2175 483 2214 Cato
515 2176 562 2215 de
593 2189 622 2214 r.
655 2189 685 2215 r.
717 2184 857 2214 LXXVI
888 2179 1024 2226 focum,
1054 2178 1120 2215 ubi
1151 2187 1299 2224 coquas,
1332 2177 1506 2224 calfacito

181 2235 269 2272 bene
295 2237 327 2272 et
351 2237 493 2273 testum.
556 2235 622 2273 sed
646 2234 767 2273 fiebat
790 2235 829 2272 id
853 2247 924 2283 per
949 2247 1067 2283 eram,
1099 2236 1329 2282 matronam,
1362 2234 1422 2272 ussi
1446 2235 1506 2271 est

179 2304 240 2330 vv.
275 2293 354 2331 531
392 2294 486 2332 532.
636 2289 720 2331 349
747 2301 924 2332 NOMINE
952 2301 1078 2339 QUAM
1103 2300 1252 2331 FERTO
1280 2299 1504 2331 CELEBRA-
