1570 2527
159 135 243 177 326
699 136 953 169 FASTORUM

276 244 460 296 Quaeque
492 256 591 295 puer
623 244 818 295 quondam
849 245 986 295 primis
1017 244 1224 284 diffuderat
1255 246 1389 298 annis,

335 303 482 341 Promit
514 302 666 340 fumoso
700 302 854 341 condita
885 304 972 341 vina
1004 303 1121 341 cado.

277 362 355 399 Nec
388 373 494 399 mora
513 391 523 411 ‚
555 361 778 399 flumineam
810 361 888 399 lino
922 361 1136 400 celantibus
1168 361 1320 415 ulvam,

191 428 257 459 520
338 419 400 457 Sic
433 431 588 470 quoque
620 432 698 458 non
731 419 846 471 altis,
879 419 1095 458 incubuere
1128 422 1248 460 toris.

277 478 389 516 Nunc
421 477 517 528 dape
536 509 547 529 ,
580 489 685 516 nunc
716 480 842 529 posito
875 490 1030 516 mensae
1064 480 1217 517 nituere
1248 478 1397 531 Lyaeo3

335 536 456 575 Terra
489 535 634 574 rubens
668 543 823 588 crater,
855 536 994 587 pocula
1026 537 1136 587 fagus
1168 543 1300 576 erant.

277 594 401 633 Verba
435 595 545 633 suere
577 594 706 634 lovis:
751 591 902 646 ‘siquid
936 595 1011 634 fert
1041 597 1240 647 impetus,
1272 602 1385 646 opta:

337 653 459 691 Omne
493 653 595 691 feres
616 650 646 691 ,³
703 653 843 704 placidi
874 653 992 691 verba
1024 655 1133 692 fuere
1166 655 1293 693 senis:

190 719 256 750 525
279 709 393 750 ‘Cara
427 712 501 750 fuit
533 713 730 763 coniunx,
767 714 914 762 primae
947 712 1042 750 mihi
1073 724 1166 750 cura
1197 714 1376 751 iuventae

337 770 525 821 Cognita.
581 783 686 809 nunc
720 770 787 809 ubi
819 772 897 822 sit,
930 772 1116 821 quaeritis
1135 768 1157 809 ⁶?
1199 783 1299 810 urna
1329 772 1447 822 tegit.

278 828 377 867 Huic
410 841 480 879 ego
512 830 664 867 iuratus
684 861 694 880 ‚
725 828 834 867 vobis
865 830 904 867 in
938 828 1055 867 verba
1087 831 1256 881 vocatis,

337 884 600 938 “Coniugio''
633 887 713 926 dixi
745 884 863 925 eesola
895 888 1026 925 fruere
1060 884 1206 926 me0.’'

279 944 327 984 Et
359 946 438 983 dixi
470 952 509 984 et
540 958 681 984 servo.
737 945 805 984 sed
837 947 940 984 enim
973 945 1124 984 diversa
1156 945 1333 984 voluntas

192 1012 257 1042 530
337 1003 407 1042 Est
440 1003 561 1055 mihi3
595 1016 665 1042 nec
698 1005 867 1042 coniunx
887 1035 897 1055 ,
930 1004 997 1042 sed
1030 1010 1140 1054 pater
1172 1015 1257 1042 esse
1290 998 1420 1041 volo.'

278 1064 504 1100 Annuerant
536 1074 698 1100 omnes.
755 1074 890 1100 omnes
922 1061 967 1100 ad
1001 1069 1108 1112 terga
1139 1063 1295 1100 iuvenci

337 1120 601 1159 Constiterant
631 1142 677 1147 —
707 1120 834 1171 pudor
866 1126 926 1158 est
957 1119 1144 1158 ulteriora
1175 1119 1303 1170 loqui.

279 1178 377 1217 Tum
410 1180 671 1229 superiniecta
702 1184 835 1217 texere
868 1178 1061 1217 madentia
1093 1185 1224 1217 terra:

337 1237 493 1286 Iamque
527 1237 661 1275 decem
694 1248 876 1288 menses,
909 1244 947 1275 et
979 1248 1078 1287 puer
1110 1243 1219 1275 ortus
1252 1242 1357 1276 erat.

191 1305 257 1334 535
279 1295 392 1334 Hunc
423 1295 590 1346 Hyrieus
610 1326 619 1344 ‚
653 1297 742 1346 quia
775 1297 830 1333 sic
862 1297 1046 1347 genitus,
1078 1301 1189 1333 vocat
1222 1294 1386 1333 Uriona.

336 1353 512 1392 Perdidit
543 1356 747 1404 antiquum
778 1353 907 1392 littera
938 1355 1062 1404 prima
1095 1365 1256 1391 sonum.

279 1412 462 1451 Creverat
493 1413 756 1463 immensum3
789 1413 969 1450 comitem
1002 1411 1076 1450 sibi
1108 1411 1213 1449 Delia
1245 1413 1433 1463 sumpsit,

335 1470 403 1508 Ille
436 1470 529 1508 deae
562 1476 724 1522 custos,
756 1470 819 1508 ille
852 1470 1006 1508 satelles
1038 1476 1143 1508 erat.

278 1528 403 1567 Verba
435 1536 591 1567 movent
621 1530 717 1567 iram
751 1541 828 1567 non
862 1530 1145 1579 circumspecta
1176 1527 1362 1566 deorum.

190 1596 256 1626 540
338 1584 483 1632 ‘Quam
516 1584 727 1638 nequeam-⁹
766 1587 862 1625 dixit
895 1585 1100 1638 ‘vincere‚
1134 1586 1236 1624 nulla
1269 1587 1351 1625 sera
1389 1583 1492 1625 est.'

280 1646 471 1696 Scorpion
502 1647 663 1684 immisit
694 1645 826 1684 Tellus
847 1675 855 1682 .
911 1646 984 1684 fuit
1015 1647 1185 1696 impetus
1217 1644 1272 1683 illi

338 1704 463 1742 Curva
495 1704 765 1755 gemelliparae
798 1703 945 1755 spicula
977 1704 1080 1742 serre
1113 1704 1228 1742 deae.

279 1762 439 1800 Obstitit
471 1761 592 1800 Orion
613 1792 623 1801 .
677 1761 820 1800 Latona
855 1762 1070 1800 nitentibus
1102 1763 1217 1800 astris

336 1819 492 1858 Addidit
525 1826 563 1858 et
595 1817 746 1858 ‘meriti
777 1816 968 1870 praemia'
1001 1820 1097 1857 dixit
1129 1816 1295 1857 ‘habe!'

447 1911 509 1952 12.
548 1909 586 1951 D
613 1909 673 1951 Ν)
693 1921 1205 1951 LVD-MART-INcisso

190 2003 257 2034 545
280 1995 355 2033 Sed
389 1995 480 2045 quid
514 2000 553 2033 et
585 1994 706 2033 Orion
738 2000 777 2032 et
809 2001 937 2033 cetera
971 1995 1097 2033 sidera
1131 1994 1273 2033 mundo

338 2053 485 2092 Cedere
519 2053 734 2104 festinant,
767 2065 922 2103 noxque
955 2058 1102 2091 coartat
1132 2050 1242 2091 iter?

280 2111 380 2157 Quid
413 2111 526 2149 solito
559 2112 675 2150 citius
707 2110 853 2162 liquido
885 2111 997 2149 iubar
1028 2123 1197 2162 aequore
1229 2110 1329 2149 tollit
1420 2119 1494 2151 (182)

338 2169 534 2222 Candida,
566 2169 728 2208 lucifero
760 2171 1034 2220 praeveniente
1055 2201 1065 2220 ,
1097 2166 1214 2207 dies?
1506 2169 1512 2174 “

280 2228 435 2279 Fallor,
468 2240 516 2266 an
549 2239 655 2266 arma
686 2225 866 2266 sonant?
910 2240 986 2266 non
1020 2227 1216 2277 fallimur,
1249 2239 1353 2265 arma

1004 2285 1215 2324 sonabant:

189 2352 258 2383 550
338 2343 440 2382 Mars
472 2345 578 2382 venit
611 2350 647 2382 et
680 2346 840 2383 veniens
873 2343 1011 2383 bellica
1043 2345 1151 2394 signa
1183 2343 1311 2382 dedit.
