1570 2527
614 149 673 182 IV.
701 157 716 182 1
737 152 838 182 1—11
859 151 912 183 29.
1350 147 1432 188 187

211 256 388 296 Vindicat
419 261 464 296 ut
495 255 660 295 Calamis
691 256 875 309 laudem,
914 269 1013 308 quos
1052 257 1146 296 fecit
1164 287 1175 310 ‚
1215 268 1434 308 equorum:

271 314 319 355 Ut
350 314 486 354 similis
518 327 631 354 verae
664 327 779 354 vacca
810 315 983 367 Myronis
1016 328 1137 367 opus:

147 383 191 414 35
213 374 277 414 Sic
309 386 381 425 ego
413 385 500 413 sum
532 385 666 413 rerum
698 386 777 413 non
809 373 974 426 ultima,
1008 373 1124 414 Sexte
1144 405 1155 426 ‚
1187 379 1368 425 tuarum,

269 431 509 484 Tutelaeque
543 434 649 472 feror
682 444 825 472 munus
858 445 1036 484 opusque
1070 439 1189 472 tuae.

728 561 788 608 II.

213 666 324 712 Quod
357 665 483 718 legis,
515 677 537 704 o
570 670 676 705 vates
709 678 941 718 magnorum
973 667 1139 706 maxime
1173 678 1334 718 regum,

271 724 386 764 Venit
417 723 464 763 ab
496 725 664 764 intonsis
698 737 821 776 usque
841 756 852 777 ‚
886 725 1060 777 Severe,
1095 725 1227 765 Getis:

213 783 334 823 Cuius
367 782 493 821 adhuc
526 794 669 822 nomen
703 790 859 822 nostros
892 785 1062 823 tacuisse
1094 783 1271 836 libellos,

273 841 312 880 Si
344 840 460 880 modo
492 843 688 893 permittis
721 841 853 880 dicere
886 854 1006 894 vera,
1038 842 1182 893 pudet.

171 909 191 940 5
213 899 316 940 Orba
349 906 477 939 tamen
511 901 686 938 numeris
719 901 885 939 cessavit
917 900 1083 952 epistula
1115 912 1329 952 numquam

270 958 332 997 Ire
363 969 435 1010 per
467 957 636 998 alternas
668 959 841 998 officiosa
872 960 999 998 vices.

213 1017 393 1057 Carmina
425 1016 506 1056 sola
539 1017 608 1056 tibi
642 1029 856 1057 memorem
887 1019 1071 1057 testantia
1103 1029 1238 1058 curam
1363 1027 1437 1058 (107)

270 1075 355 1114 Non
389 1074 476 1115 data
508 1082 628 1115 sunt.
687 1076 780 1128 quid
814 1077 947 1129 enim,
981 1088 1078 1128 quae
1111 1077 1206 1115 sacis
1237 1078 1343 1129 ipse,

943 1132 1112 1174 darem?

214 1193 310 1240 Quis
343 1192 419 1232 mel
445 1192 653 1245 Aristan,
686 1195 773 1244 quis
806 1193 959 1233 Baccho
992 1195 1080 1232 vina
1111 1193 1306 1246 Falerno,

151 1261 193 1291 10
272 1251 513 1303 Triptolemo
546 1252 708 1303 fruges,
741 1264 856 1303 poma
888 1252 953 1291 det
985 1249 1180 1291 Alcinoo?

213 1310 356 1349 Fertile
391 1316 530 1360 pectus
563 1309 712 1361 habes,
745 1312 928 1361 interque
962 1309 1148 1349 Helicona
1181 1310 1355 1350 colentes

271 1368 439 1408 Uberius
473 1367 568 1407 nulli
599 1370 780 1420 provenit
813 1370 886 1407 ista
919 1381 1054 1420 seges.

213 1427 369 1466 Mittere
402 1427 447 1466 ad
474 1427 580 1466 hunc
612 1439 769 1466 carmen
789 1458 800 1479 ‚
833 1427 991 1466 frondes
1019 1433 1103 1466 erat
1131 1428 1274 1467 addere
1307 1428 1437 1468 silvis.

272 1485 375 1525 Haec
409 1485 505 1524 mihi
537 1485 747 1525 cunctandi
779 1498 895 1525 causa
914 1517 925 1539 ‚
959 1486 1132 1538 Severe,
1165 1487 1261 1526 suit.

152 1553 192 1584 15
213 1544 292 1583 Nec
327 1550 455 1583 tamen
488 1545 689 1596 ingenium
721 1544 834 1583 nobis
867 1544 1109 1597 respondet,
1141 1551 1186 1584 ut
1217 1551 1329 1597 ante,

274 1602 350 1642 Sed
383 1605 532 1642 siccum
564 1603 688 1642 sterili
720 1615 877 1642 vomere
910 1603 1003 1642 litus
1035 1615 1126 1642 aro.

215 1661 375 1701 Scilicet
406 1668 448 1701 ut
480 1661 596 1701 limus
629 1674 746 1700 venas
779 1668 961 1701 excaecat
993 1664 1031 1701 in
1064 1663 1205 1715 undis,

273 1719 476 1772 Lapsaque
509 1720 721 1772 subpresso
754 1720 860 1759 fonte
893 1722 1043 1760 resistit
1075 1733 1196 1772 aqua,

215 1778 377 1818 Pectora
411 1781 467 1818 sic
500 1791 584 1818 mea
617 1786 709 1818 sunt
739 1779 831 1818 limo
864 1780 997 1819 vitiata
1028 1779 1245 1832 malorum⁷

151 1846 195 1877 20
274 1836 321 1876 Et
356 1850 513 1877 carmen
546 1850 642 1876 vena
674 1839 910 1889 pauperiore
942 1838 1050 1877 fluit.

214 1895 345 1947 Siquis
379 1898 417 1935 in
450 1896 520 1935 hac
553 1898 682 1948 ipsum
715 1902 819 1936 terra
851 1898 1050 1948 posuisset
1081 1896 1318 1948 Homerum,

271 1954 415 2006 Esset,
449 1955 565 1994 crede
598 1955 692 1994 mihi
712 1987 722 2007 ,
755 1955 880 1995 factus
914 1961 952 1995 et
983 1955 1047 1994 ille
1081 1955 1220 1995 Getes.

214 2012 268 2052 Da
301 2014 451 2052 veniam
486 2014 586 2052 lasso
606 2045 616 2064 ,
649 2014 790 2053 studiis
823 2026 979 2065 quoque
1012 2015 1123 2053 frena
1155 2014 1312 2066 remisi,

274 2070 438 2111 Ducitur
472 2080 508 2111 et
542 2071 674 2123 digitis
706 2072 836 2111 littera
868 2085 956 2111 rara
987 2074 1107 2111 meis.

149 2139 192 2169 25
215 2130 387 2181 Impetus
421 2130 483 2170 ille
516 2142 654 2182 sacer,
688 2133 754 2183 qui
788 2138 918 2170 vatum
950 2137 1111 2182 pectora
1143 2132 1292 2183 nutrit,

274 2189 348 2235 Qui
381 2190 492 2241 prius
525 2191 564 2229 in
597 2189 709 2229 nobis
743 2201 828 2229 esse
862 2189 1035 2241 solebat,
1067 2189 1199 2229 abest.

216 2247 286 2286 Vix
318 2249 423 2287 venit
457 2248 502 2287 ad
535 2255 696 2300 partes,
729 2249 792 2287 vix
824 2254 1001 2300 sumptae
1034 2247 1143 2287 Musa
1175 2247 1338 2288 tabellae

272 2306 426 2357 Inponit
459 2309 590 2358 pigras
622 2319 745 2358 paene
779 2313 911 2346 coacta
944 2319 1106 2346 manus.

214 2364 413 2416 Parvaque
433 2397 443 2417 ‚
475 2378 524 2404 ne
558 2365 683 2405 dicam
717 2365 914 2404 scribendi
947 2365 1051 2404 nulla
1084 2365 1261 2417 voluptas
1366 2373 1440 2405 (108)
