1570 2527
164 137 248 179 134
704 139 769 171 Ex
793 139 950 172 ΡΟΝΤΟ

214 254 257 287 75
278 246 353 285 Per
386 253 538 286 tantum
571 252 698 285 terrae
717 277 728 298 ‚
759 251 818 285 tot
849 258 968 297 aquas
1000 248 1063 286 vix
1096 247 1258 286 credere
1289 259 1448 299 possum

337 304 527 344 Indicium
561 304 680 343 studii
711 300 955 344 transiluisse
987 307 1086 344 mei.

278 363 398 414 Finge
430 363 535 415 legi,
567 363 748 414 quodque
781 368 841 402 est
872 363 1076 415 mirabile,
1109 364 1210 415 finge
1242 363 1420 416 placere:

336 422 546 460 Auctorem
579 426 685 460 certe
717 433 781 460 res
813 423 918 460 iuvat
949 423 1023 461 ista
1055 422 1173 461 nihil.

279 479 379 525 Quid
412 479 484 518 tibi
502 511 513 531 ‚
546 481 579 518 si
610 479 732 518 calida
751 511 761 531 ,
793 481 946 531 prosit,
979 480 1137 519 laudere
1170 479 1320 532 Syene,

213 546 256 578 80
336 537 413 577 Aut
443 537 511 577 ubi
542 538 800 589 Taprobanen
833 538 964 576 Indica
996 540 1117 590 cingit
1149 536 1281 590 aqua?

280 595 422 646 [Altius
455 598 512 635 ire
545 594 680 635 libet?
725 598 757 635 si
788 601 826 635 te
860 596 1042 636 distantia
1074 597 1186 648 longe

337 654 536 694 Pleiadum
568 655 727 694 laudent
759 656 866 706 signa
885 687 896 707 ‚
929 655 1021 706 quid
1054 655 1144 694 inde
1177 655 1280 695 feras
1293 652 1332 706 ?]

279 712 353 752 Sed
387 725 514 764 neque
546 715 731 764 pervenio
765 715 922 764 scriptis
954 713 1217 753 mediocribus
1248 715 1373 765 istuc,

337 771 530 823 Famaque
564 784 652 810 cum
686 772 841 810 domino
874 772 974 823 fugit
1005 772 1051 811 ab
1084 771 1188 811 Urbe
1221 784 1314 811 suo.

212 837 256 869 85
277 829 455 882 Vosque,
476 829 619 881 quibus
638 832 760 882 perii,
781 836 875 869 tunc
902 843 992 869 cum
1013 842 1096 869 mea
1123 831 1222 870 fama
1249 830 1400 882 sepulta
1420 836 1497 882 est,

334 888 447 928 Nunc
480 900 636 940 quoque
669 889 716 927 de
748 895 881 928 nostra
912 895 1037 928 morte
1069 895 1199 929 tacere
1231 901 1344 928 reor.

279 1119 458 1174 Ecquid,
490 1127 534 1161 ut
566 1121 710 1161 audisti
739 1143 786 1148 —
817 1133 904 1160 nam
938 1127 976 1161 te
1009 1121 1161 1161 diversa
1192 1121 1352 1162 tenebat

336 1180 457 1219 Terra
490 1203 536 1208 —-
568 1193 675 1219 meos
707 1192 820 1219 casus
840 1212 850 1231 ,
883 1192 951 1219 cor
982 1180 1054 1219 tibi
1086 1182 1198 1219 triste
1231 1179 1339 1220 suit?

278 1237 507 1278 Dissimules
537 1245 767 1289 metuasque
800 1238 919 1290 licet,
953 1238 1140 1278 Graecine
1158 1270 1169 1290 ,
1202 1240 1338 1291 sateri3

337 1296 379 1335 Si
410 1297 508 1336 bene
541 1302 579 1336 te
612 1298 728 1348 novi,
762 1298 874 1336 triste
906 1297 1028 1335 fuisse
1060 1297 1202 1348 liquet.

237 1363 256 1392 5
278 1354 362 1393 Non
395 1355 498 1394 cadit
529 1357 569 1394 in
601 1367 730 1394 mores
763 1356 896 1394 feritas
927 1355 1144 1394 inamabilis
1176 1357 1296 1406 istos,

336 1413 416 1452 Nec
448 1415 577 1452 minus
610 1426 630 1452 a
663 1413 803 1452 studiis
836 1413 998 1452 dissidet
1028 1413 1090 1452 illa
1124 1416 1225 1453 tuis,
1453 1422 1497 1454 22)

278 1472 438 1510 Artibus
469 1473 679 1523 ingenuis,
713 1484 878 1522 quarum
910 1472 982 1510 tibi
1013 1474 1176 1511 maxima
1209 1484 1302 1511 cura
1334 1477 1416 1524 est,

336 1530 500 1569 Pectora
533 1530 766 1569 mollescunt
797 1532 1064 1581 asperitasque
1097 1531 1218 1581 fugit.

277 1588 357 1627 Nec
389 1590 595 1640 quisquam
628 1589 787 1627 meliore
821 1589 895 1627 fide
928 1589 1202 1640 complectitur
1233 1588 1340 1640 illas,

216 1655 258 1685 10
337 1646 420 1691 Qua
452 1649 544 1686 sinit
576 1648 747 1686 officium
779 1647 1017 1698 militiaeque
1049 1647 1180 1686 labor.

278 1704 392 1743 Certe
425 1717 495 1755 ego
528 1717 617 1744 cum
643 1707 813 1755 primum
839 1706 950 1756 potui
982 1708 1128 1745 sentire
1156 1706 1248 1756 quid
1281 1718 1430 1756 essem,
1451 1728 1496 1733 -

337 1762 434 1801 Nam
466 1764 540 1802 suit
572 1764 734 1801 attonito
768 1775 877 1801 mens
909 1763 1005 1801 mihi
1037 1764 1141 1802 nulla
1174 1764 1239 1802 diu
1264 1786 1310 1792 —-—

278 1820 359 1859 Hoc
392 1833 548 1872 quoque
581 1822 760 1859 fortunae
793 1823 926 1872 sensi,
960 1821 1062 1872 quod
1095 1823 1242 1861 amicus
1275 1821 1457 1874 abesses,

337 1879 411 1925 Qui
443 1880 536 1918 mihi
569 1879 806 1931 praesidium
839 1879 984 1930 grande
1017 1880 1174 1919 futurus
1207 1892 1318 1920 eras.

216 1945 257 1976 15
279 1937 425 1976 Tecum
457 1943 552 1976 tunc
584 1937 746 1976 aberant
777 1950 913 1988 aegrae
946 1937 1086 1977 solacia
1117 1940 1284 1991 mentis,

335 1996 549 2047 Magnaque
582 2007 672 2047 pars
704 1997 822 2034 animi
854 1996 1084 2047 consiliique
1115 1999 1215 2036 mei.

277 2054 325 2092 At
356 2066 482 2106 nunc,
517 2054 620 2105 quod
647 2059 849 2105 superest,
882 2055 942 2093 fer
968 2067 1107 2106 opem,
1140 2067 1310 2108 precor,
1343 2056 1494 2095 eminus

1002 2125 1142 2164 unam,

334 2170 591 2222 Alloquioque
624 2172 711 2210 iuva
743 2176 901 2223 pectora
934 2177 1065 2210 nostra
1098 2177 1188 2223 tuo,

276 2227 381 2273 Quae
401 2260 411 2280 ‚
444 2241 520 2267 non
554 2229 732 2268 mendaci
765 2231 797 2268 si
829 2231 1038 2280 quicquam
1071 2230 1199 2268 credis
1231 2231 1378 2282 amico,

211 2293 255 2324 20
336 2285 462 2325 Stulta
494 2289 616 2338 magis
649 2287 726 2326 dici
746 2319 757 2339 7
790 2299 905 2339 quam
938 2287 1155 2340 scelerata,
1188 2288 1322 2328 decet.

276 2343 354 2383 Nec
387 2344 504 2384 breve
524 2376 534 2396 ,
567 2357 639 2385 nec
673 2352 800 2385 tutum
821 2378 831 2398 ,
864 2347 1015 2398 peccati
1047 2358 1146 2397 quae
1179 2348 1229 2386 sit
1260 2349 1393 2398 origo,
