1570 2527
555 99 583 131 Ι.
608 106 658 131 111
679 101 799 132 78-—v
821 101 874 131 15.
1334 100 1384 141 11

98 217 141 248 10
161 208 328 259 Ingemit
359 212 399 246 et
429 208 575 246 nostris
606 208 690 257 ipsa
723 207 853 245 carina
885 207 1019 247 malis.

160 266 324 319 Navita,
356 266 561 305 confessus
593 264 764 316 gelidum
796 265 941 316 pallore
975 267 1180 319 timorem,

160 325 240 364 Iam
273 326 453 376 sequitur
485 326 612 363 victus
631 354 642 376 ‚
674 336 754 362 non
786 326 887 375 regit
919 330 1002 363 arte
1034 332 1181 364 ratem.

159 383 289 435 thue
319 395 458 435 parum
491 383 640 422 validus
672 394 751 421 non
782 384 1027 434 proficientia
1056 390 1193 423 rector

160 442 333 482 Cervicis
364 442 513 493 rigidae
546 443 656 481 frena
687 443 853 480 remittit
886 454 1010 495 equo,

96 509 139 541 15
161 501 226 541 Sic
257 513 336 540 non
376 513 454 552 quo
491 500 642 552 voluit,
682 500 750 539 sed
783 513 860 552 quo
900 502 1002 553 rapit
1032 502 1203 553 impetus
1235 502 1386 553 undae,

158 560 344 611 Aurigam
375 560 486 598 video
519 559 602 598 vela
635 558 789 598 dedisse
822 561 908 598 rati.

161 618 274 664 Quod
306 619 383 657 nisi
414 623 583 657 mutatas
616 619 792 657 emiserit
823 618 967 658 Aeolus
1000 631 1139 673 auras7

159 677 204 715 In
235 677 320 716 loca
352 678 427 715 iam
460 676 574 716 nobis
606 689 685 715 non
718 676 895 716 adeunda
928 678 1054 716 ferar.

0 775 1 781 ,
157 735 255 774 Nam
286 735 426 787 procul
457 735 598 786 Illyriis
630 735 736 773 laeva
769 736 815 774 de
848 741 959 786 parte
991 736 1140 776 relictis

0 783 1 847 l
93 793 372 833 201nterdicta
404 793 501 832 mihi
532 794 708 832 cernitur
740 792 871 833 Italia.

157 852 318 891 Desinat
348 854 388 890 in
420 853 558 891 vetitas
577 884 588 905 ‚
621 863 766 903 quaeso
787 884 797 904 ,
830 852 1070 891 contendere
1103 858 1256 906 terram,

157 910 207 950 Et
238 923 394 950 mecum
425 923 565 962 magno
597 916 732 961 pareat
763 922 858 949 aura
891 911 987 951 deo.

157 969 258 1009 Dum
290 969 430 1020 loquor
449 1001 460 1021 ,
493 975 532 1008 et
564 970 682 1008 timeo
715 971 863 1020 pariter
896 971 1091 1021 cupioque
1124 969 1285 1022 repelli,

158 1028 361 1079 Increpuit
393 1029 550 1079 quantis
582 1027 732 1066 viribus
765 1028 867 1067 unda
900 1027 1023 1067 latus!

97 1095 139 1127 25
159 1087 314 1126 Parcite
348 1086 550 1139 caerulei,
582 1098 649 1125 vos
681 1088 830 1138 parcite
850 1119 860 1139 ‚
893 1089 1053 1126 numina
1085 1089 1218 1139 ponti,

157 1146 428 1196 Infestumque
461 1145 556 1184 mihi
588 1147 639 1184 sit
671 1147 764 1184 satis
798 1158 884 1184 esse
918 1146 1070 1184 Iovem.

156 1203 233 1243 Vos
266 1205 433 1243 animam
466 1216 601 1243 saevae
634 1204 778 1243 fessam
810 1204 1018 1243 subducite
1051 1206 1192 1256 morti,

158 1262 200 1302 Si
231 1262 345 1302 modo
364 1294 375 1315 ‚
408 1264 474 1314 qui
507 1264 654 1315 periit,
686 1275 764 1301 non
796 1265 961 1314 periisse
993 1268 1135 1315 potest.

678 1391 733 1438 V.

157 1496 189 1535 Ο
221 1496 317 1535 mihi
347 1502 437 1548 post
462 1496 590 1535 nullos
621 1508 808 1547 umquam
839 1497 1091 1536 memorande
1125 1496 1300 1548 sodales,

159 1554 190 1594 Ο
224 1556 288 1593 cui
319 1556 530 1606 praecipue
563 1566 649 1593 sors
681 1567 766 1594 mea
802 1557 883 1594 visa
915 1568 984 1594 sua
1016 1561 1100 1608 est,

158 1614 377 1652 Attonitum
411 1615 478 1664 qui
509 1625 571 1652 me
591 1645 601 1665 ‚
634 1615 823 1665 memini,
856 1615 1056 1652 carissime
1075 1645 1087 1667 ,
1118 1615 1270 1666 primus

157 1672 286 1710 Ausus
319 1684 360 1710 es
393 1671 575 1722 adloquio
608 1673 843 1711 sustinuisse
876 1678 968 1725 tuo,

116 1739 136 1769 5
158 1730 233 1776 Qui
265 1730 361 1769 mihi
392 1730 599 1769 consilium
631 1730 786 1769 vivendi
818 1732 912 1770 mite
945 1731 1099 1783 dedisti,

157 1788 254 1827 Cum
287 1789 388 1827 foret
419 1790 461 1827 in
492 1790 637 1827 misero
669 1794 830 1841 pectore
863 1792 1002 1829 mortis
1034 1802 1170 1843 amor,

157 1847 242 1886 Scis
275 1846 405 1899 bene,
438 1848 503 1886 cui
534 1847 690 1900 dicam,
722 1849 861 1900 positis
892 1861 965 1900 pro
997 1850 1156 1887 nomine
1190 1849 1335 1901 signis,

156 1905 339 1944 Officium
371 1918 444 1945 nec
475 1912 514 1944 te
547 1906 673 1958 fallit,
705 1909 857 1959 amice,
890 1912 1025 1946 tuum.

154 1964 259 2002 Haec
291 1964 385 2002 mihi
417 1977 571 2016 semper
605 1970 722 2004 erunt
752 1967 842 2004 imis
874 1966 991 2004 infixa
1022 1966 1227 2017 medullis,

94 2031 136 2062 10
156 2022 457 2074 Perpetuusque
489 2025 639 2062 animae
672 2024 826 2063 debitor
858 2024 976 2063 huius
1009 2037 1100 2076 ero,

158 2081 329 2132 Spiritus
363 2087 402 2120 et
433 2093 574 2121 vacuas
605 2084 716 2133 prins
748 2083 811 2122 hic
844 2083 1066 2122 tenuandus
1097 2084 1138 2121 in
1171 2094 1285 2122 auras

155 2139 259 2192 Ibit,
291 2145 331 2179 et
361 2141 401 2179 in
434 2141 565 2192 tepido
598 2141 756 2180 deseret
787 2153 875 2180 ossa
906 2153 1027 2193 1'0g0‚
1176 2192 1178 2194 ‚

158 2198 280 2243 Quam
314 2198 480 2238 subeant
511 2201 639 2238 animo
671 2202 904 2239 meritorum
937 2199 1076 2239 oblivia
1107 2206 1267 2252 nostro,

155 2255 204 2295 Et
234 2256 347 2308 longa
378 2259 503 2309 pietas
536 2259 689 2297 excidat
720 2261 793 2298 ista
826 2258 911 2297 die.

94 2322 136 2353 15
157 2313 202 2353 Di
233 2315 305 2354 tibi
336 2317 415 2355 sint
446 2317 609 2369 faciles,
641 2317 712 2355 tibi
745 2317 783 2356 di
815 2317 962 2357 nullius
994 2323 1174 2370 egentem
