<?xml version="1.0" encoding="UTF-8"?>
<!DOCTYPE html PUBLIC "-//W3C//DTD XHTML 1.0 Transitional//EN"
    "http://www.w3.org/TR/xhtml1/DTD/xhtml1-transitional.dtd">
<html xmlns="http://www.w3.org/1999/xhtml" xml:lang="en" lang="en">
 <head>
  <title>
</title>
<meta http-equiv="Content-Type" content="text/html;charset=utf-8" />
  <meta name='ocr-system' content='tesseract 3.04.00' />
  <meta name='ocr-capabilities' content='ocr_page ocr_carea ocr_par ocr_line ocrx_word'/>
</head>
<body>
  <div class='ocr_page' id='page_1' title='image "./ovidopera03oviduoft_0342.png"; bbox 0 0 1570 2527; ppageno 0'>
   <div class='ocr_carea' id='block_1_1' title="bbox 187 111 979 154">
    <p class='ocr_par' dir='ltr' id='par_1_1' title="bbox 187 111 979 154">
     <span class='ocr_line' id='line_1_1' title="bbox 187 111 979 154; baseline 0.001 -9"><span class='ocrx_word' id='word_1_1' title='bbox 187 111 273 154; x_wconf 80' lang='lat'>284</span> <span class='ocrx_word' id='word_1_2' title='bbox 727 114 979 147; x_wconf 83' lang='lat' dir='ltr'>FASTORUM</span> 
     </span>
    </p>
   </div>
   <div class='ocr_carea' id='block_1_2' title="bbox 590 274 1109 330">
    <p class='ocr_par' dir='ltr' id='par_1_2' title="bbox 590 274 1109 330">
     <span class='ocr_line' id='line_1_2' title="bbox 590 274 1109 330; baseline 0.004 -2"><span class='ocrx_word' id='word_1_3' title='bbox 590 274 772 328; x_wconf 87' lang='lat' dir='ltr'><strong>LIBER</strong></span> <span class='ocrx_word' id='word_1_4' title='bbox 810 275 1109 330; x_wconf 77' lang='lat' dir='ltr'><strong>QUARTUS.</strong></span> 
     </span>
    </p>
   </div>
   <div class='ocr_carea' id='block_1_3' title="bbox 303 392 1451 447">
    <p class='ocr_par' dir='ltr' id='par_1_3' title="bbox 303 392 1451 447">
     <span class='ocr_line' id='line_1_3' title="bbox 303 392 1451 447; baseline 0.003 -14"><span class='ocrx_word' id='word_1_5' title='bbox 303 392 427 434; x_wconf 63' lang='lat' dir='ltr'>‘Alma</span> <span class='ocrx_word' id='word_1_6' title='bbox 446 425 457 447; x_wconf 84' lang='lat'>‚</span> <span class='ocrx_word' id='word_1_7' title='bbox 489 395 571 434; x_wconf 88' lang='lat' dir='ltr'>fave</span> <span class='ocrx_word' id='word_1_8' title='bbox 590 392 622 447; x_wconf 73' lang='lat'>‚³</span> <span class='ocrx_word' id='word_1_9' title='bbox 655 395 735 434; x_wconf 85' lang='lat' dir='ltr'>dixi</span> <span class='ocrx_word' id='word_1_10' title='bbox 767 393 1033 447; x_wconf 75' lang='lat' dir='ltr'>‘geminorum</span> <span class='ocrx_word' id='word_1_11' title='bbox 1065 402 1188 444; x_wconf 81' lang='lat' dir='ltr'>mater</span> <span class='ocrx_word' id='word_1_12' title='bbox 1219 395 1451 438; x_wconf 75' lang='lat' dir='ltr'>Amoruml&#39;</span> 
     </span>
    </p>
   </div>
   <div class='ocr_carea' id='block_1_4' title="bbox 234 453 1517 2371">
    <p class='ocr_par' dir='ltr' id='par_1_4' title="bbox 234 453 1517 2371">
     <span class='ocr_line' id='line_1_4' title="bbox 362 453 1162 508; baseline 0.003 -16"><span class='ocrx_word' id='word_1_13' title='bbox 362 453 419 492; x_wconf 89' lang='lat' dir='ltr'>Ad</span> <span class='ocrx_word' id='word_1_14' title='bbox 453 459 577 492; x_wconf 90' lang='lat' dir='ltr'>vatem</span> <span class='ocrx_word' id='word_1_15' title='bbox 609 454 736 492; x_wconf 87' lang='lat' dir='ltr'>voltus</span> <span class='ocrx_word' id='word_1_16' title='bbox 769 454 920 493; x_wconf 89' lang='lat' dir='ltr'>rettulit</span> <span class='ocrx_word' id='word_1_17' title='bbox 951 455 1014 493; x_wconf 92' lang='lat' dir='ltr'>illa</span> <span class='ocrx_word' id='word_1_18' title='bbox 1046 467 1162 508; x_wconf 84' lang='lat' dir='ltr'>suos,</span> 
     </span>
     <span class='ocr_line' id='line_1_5' title="bbox 303 508 1429 557; baseline 0.004 -7"><span class='ocrx_word' id='word_1_19' title='bbox 303 508 425 557; x_wconf 76' lang='lat' dir='ltr'>‘Quid</span> <span class='ocrx_word' id='word_1_20' title='bbox 460 509 550 550; x_wconf 85' lang='lat' dir='ltr'>tibi&#39;</span> <span class='ocrx_word' id='word_1_21' title='bbox 583 514 636 551; x_wconf 89' lang='lat' dir='ltr'>ait</span> <span class='ocrx_word' id='word_1_22' title='bbox 668 509 843 551; x_wconf 69' lang='lat' dir='ltr'>‘mecum</span> <span class='ocrx_word' id='word_1_23' title='bbox 862 511 883 551; x_wconf 84' lang='lat'>‘?</span> <span class='ocrx_word' id='word_1_24' title='bbox 926 518 1032 552; x_wconf 89' lang='lat' dir='ltr'>certe</span> <span class='ocrx_word' id='word_1_25' title='bbox 1064 515 1210 552; x_wconf 88' lang='lat' dir='ltr'>maiora</span> <span class='ocrx_word' id='word_1_26' title='bbox 1241 514 1429 554; x_wconf 83' lang='lat' dir='ltr'><strong>canebas.</strong></span> 
     </span>
     <span class='ocr_line' id='line_1_6' title="bbox 360 570 1381 622; baseline 0.004 -14"><span class='ocrx_word' id='word_1_27' title='bbox 360 570 463 608; x_wconf 89' lang='lat' dir='ltr'>Num</span> <span class='ocrx_word' id='word_1_28' title='bbox 496 576 607 609; x_wconf 85' lang='lat' dir='ltr'>vetus</span> <span class='ocrx_word' id='word_1_29' title='bbox 638 572 678 609; x_wconf 90' lang='lat' dir='ltr'>in</span> <span class='ocrx_word' id='word_1_30' title='bbox 710 570 815 609; x_wconf 89' lang='lat' dir='ltr'>molli</span> <span class='ocrx_word' id='word_1_31' title='bbox 847 576 1007 622; x_wconf 83' lang='lat' dir='ltr'>pectore</span> <span class='ocrx_word' id='word_1_32' title='bbox 1038 571 1176 611; x_wconf 90' lang='lat' dir='ltr'>volnus</span> <span class='ocrx_word' id='word_1_33' title='bbox 1206 570 1381 612; x_wconf 78' lang='lat' dir='ltr'>habes?’</span> 
     </span>
     <span class='ocr_line' id='line_1_7' title="bbox 261 625 1517 683; baseline 0.004 -17"><span class='ocrx_word' id='word_1_34' title='bbox 261 637 281 667; x_wconf 88' lang='lat'>5</span> <span class='ocrx_word' id='word_1_35' title='bbox 302 625 410 667; x_wconf 64' lang='lat' dir='ltr'>‘Scis</span> <span class='ocrx_word' id='word_1_36' title='bbox 442 628 513 667; x_wconf 88' lang='lat' dir='ltr'>dea</span> <span class='ocrx_word' id='word_1_37' title='bbox 531 625 563 680; x_wconf 79' lang='lat'>‚⁹</span> <span class='ocrx_word' id='word_1_38' title='bbox 596 629 780 679; x_wconf 83' lang='lat' dir='ltr'>respondi</span> <span class='ocrx_word' id='word_1_39' title='bbox 812 626 880 668; x_wconf 74' lang='lat' dir='ltr'>‘de</span> <span class='ocrx_word' id='word_1_40' title='bbox 912 629 1069 669; x_wconf 85' lang='lat' dir='ltr'>volnere</span> <span class='ocrx_word' id='word_1_41' title='bbox 1090 627 1120 668; x_wconf 87' lang='lat'>.&#39;</span> <span class='ocrx_word' id='word_1_42' title='bbox 1166 632 1282 683; x_wconf 88' lang='lat' dir='ltr'>risit,</span> <span class='ocrx_word' id='word_1_43' title='bbox 1314 637 1353 670; x_wconf 88' lang='lat' dir='ltr'>et</span> <span class='ocrx_word' id='word_1_44' title='bbox 1384 631 1517 671; x_wconf 86' lang='lat' dir='ltr'>aether</span> 
     </span>
     <span class='ocr_line' id='line_1_8' title="bbox 359 687 1267 738; baseline 0 -13"><span class='ocrx_word' id='word_1_45' title='bbox 359 687 544 726; x_wconf 82' lang='lat' dir='ltr'>Protinus</span> <span class='ocrx_word' id='word_1_46' title='bbox 577 699 624 726; x_wconf 86' lang='lat' dir='ltr'>ex</span> <span class='ocrx_word' id='word_1_47' title='bbox 656 687 719 725; x_wconf 91' lang='lat' dir='ltr'>illa</span> <span class='ocrx_word' id='word_1_48' title='bbox 751 693 861 738; x_wconf 90' lang='lat' dir='ltr'>parte</span> <span class='ocrx_word' id='word_1_49' title='bbox 893 699 1058 727; x_wconf 89' lang='lat' dir='ltr'>serenus</span> <span class='ocrx_word' id='word_1_50' title='bbox 1089 694 1197 728; x_wconf 87' lang='lat' dir='ltr'>erat.</span> <span class='ocrx_word' id='word_1_51' title='bbox 1264 723 1267 725; x_wconf 74' lang='grc'>,</span> 
     </span>
     <span class='ocr_line' id='line_1_9' title="bbox 302 742 1442 799; baseline 0.004 -16"><span class='ocrx_word' id='word_1_52' title='bbox 302 742 483 784; x_wconf 73' lang='lat' dir='ltr'>eSaucias</span> <span class='ocrx_word' id='word_1_53' title='bbox 503 776 513 796; x_wconf 88' lang='lat'><em>‚</em></span> <span class='ocrx_word' id='word_1_54' title='bbox 547 757 594 784; x_wconf 90' lang='lat' dir='ltr'>an</span> <span class='ocrx_word' id='word_1_55' title='bbox 627 757 743 784; x_wconf 87' lang='lat' dir='ltr'>sanus</span> <span class='ocrx_word' id='word_1_56' title='bbox 763 777 773 797; x_wconf 89' lang='lat'>‚</span> <span class='ocrx_word' id='word_1_57' title='bbox 806 746 995 797; x_wconf 90' lang='lat' dir='ltr'>numquid</span> <span class='ocrx_word' id='word_1_58' title='bbox 1028 752 1093 786; x_wconf 92' lang='lat' dir='ltr'>tua</span> <span class='ocrx_word' id='word_1_59' title='bbox 1125 749 1235 798; x_wconf 81' lang='lat' dir='ltr'>signa</span> <span class='ocrx_word' id='word_1_60' title='bbox 1265 745 1442 799; x_wconf 77' lang='lat' dir='ltr'>reliqui?</span> 
     </span>
     <span class='ocr_line' id='line_1_10' title="bbox 359 803 1390 857; baseline 0.004 -16"><span class='ocrx_word' id='word_1_61' title='bbox 359 803 418 842; x_wconf 89' lang='lat' dir='ltr'>Tu</span> <span class='ocrx_word' id='word_1_62' title='bbox 451 803 547 842; x_wconf 90' lang='lat' dir='ltr'>mibi</span> <span class='ocrx_word' id='word_1_63' title='bbox 578 805 850 856; x_wconf 85' lang='lat' dir='ltr'>propositum,</span> <span class='ocrx_word' id='word_1_64' title='bbox 882 811 924 843; x_wconf 93' lang='lat' dir='ltr'>tu</span> <span class='ocrx_word' id='word_1_65' title='bbox 956 804 1051 844; x_wconf 88' lang='lat' dir='ltr'>mihi</span> <span class='ocrx_word' id='word_1_66' title='bbox 1083 817 1238 856; x_wconf 84' lang='lat' dir='ltr'>semper</span> <span class='ocrx_word' id='word_1_67' title='bbox 1269 818 1390 857; x_wconf 92' lang='lat' dir='ltr'>opus.</span> 
     </span>
     <span class='ocr_line' id='line_1_11' title="bbox 302 862 1440 913; baseline 0.004 -13"><span class='ocrx_word' id='word_1_68' title='bbox 302 862 408 907; x_wconf 83' lang='lat' dir='ltr'>Quae</span> <span class='ocrx_word' id='word_1_69' title='bbox 441 862 598 912; x_wconf 82' lang='lat' dir='ltr'>decuit,</span> <span class='ocrx_word' id='word_1_70' title='bbox 632 864 768 913; x_wconf 89' lang='lat' dir='ltr'>primis</span> <span class='ocrx_word' id='word_1_71' title='bbox 800 865 883 901; x_wconf 91' lang='lat' dir='ltr'>sine</span> <span class='ocrx_word' id='word_1_72' title='bbox 915 864 1078 901; x_wconf 84' lang='lat' dir='ltr'>crimine</span> <span class='ocrx_word' id='word_1_73' title='bbox 1110 864 1274 903; x_wconf 89' lang='lat' dir='ltr'>lusimus</span> <span class='ocrx_word' id='word_1_74' title='bbox 1306 866 1440 904; x_wconf 90' lang='lat' dir='ltr'>annis:</span> 
     </span>
     <span class='ocr_line' id='line_1_12' title="bbox 240 919 1264 972; baseline 0.003 -14"><span class='ocrx_word' id='word_1_75' title='bbox 240 928 282 959; x_wconf 91' lang='lat'>10</span> <span class='ocrx_word' id='word_1_76' title='bbox 361 919 473 959; x_wconf 87' lang='lat' dir='ltr'>Nunc</span> <span class='ocrx_word' id='word_1_77' title='bbox 506 922 647 958; x_wconf 89' lang='lat' dir='ltr'>teritur</span> <span class='ocrx_word' id='word_1_78' title='bbox 678 923 823 959; x_wconf 89' lang='lat' dir='ltr'>nostris</span> <span class='ocrx_word' id='word_1_79' title='bbox 855 933 944 959; x_wconf 89' lang='lat' dir='ltr'>area</span> <span class='ocrx_word' id='word_1_80' title='bbox 975 923 1097 960; x_wconf 91' lang='lat' dir='ltr'>maior</span> <span class='ocrx_word' id='word_1_81' title='bbox 1129 924 1264 972; x_wconf 87' lang='lat' dir='ltr'>equis.</span> 
     </span>
     <span class='ocr_line' id='line_1_13' title="bbox 303 978 1393 1033; baseline 0.004 -17"><span class='ocrx_word' id='word_1_82' title='bbox 303 978 513 1028; x_wconf 79' lang='lat' dir='ltr'>[Tempora</span> <span class='ocrx_word' id='word_1_83' title='bbox 545 991 633 1017; x_wconf 89' lang='lat' dir='ltr'>cum</span> <span class='ocrx_word' id='word_1_84' title='bbox 667 980 822 1030; x_wconf 85' lang='lat' dir='ltr'>causis,</span> <span class='ocrx_word' id='word_1_85' title='bbox 855 978 1056 1018; x_wconf 80' lang='lat' dir='ltr'>annalibus</span> <span class='ocrx_word' id='word_1_86' title='bbox 1089 986 1198 1019; x_wconf 88' lang='lat' dir='ltr'>eruta</span> <span class='ocrx_word' id='word_1_87' title='bbox 1232 982 1393 1033; x_wconf 86' lang='lat' dir='ltr'>priscis,</span> 
     </span>
     <span class='ocr_line' id='line_1_14' title="bbox 359 1036 1327 1089; baseline 0.003 -15"><span class='ocrx_word' id='word_1_88' title='bbox 359 1036 561 1087; x_wconf 81' lang='lat' dir='ltr'>Lapsaque</span> <span class='ocrx_word' id='word_1_89' title='bbox 594 1036 666 1076; x_wconf 91' lang='lat' dir='ltr'>sub</span> <span class='ocrx_word' id='word_1_90' title='bbox 700 1043 823 1075; x_wconf 85' lang='lat' dir='ltr'>terras</span> <span class='ocrx_word' id='word_1_91' title='bbox 856 1044 1017 1088; x_wconf 88' lang='lat' dir='ltr'>ortaque</span> <span class='ocrx_word' id='word_1_92' title='bbox 1051 1039 1159 1088; x_wconf 84' lang='lat' dir='ltr'>signa</span> <span class='ocrx_word' id='word_1_93' title='bbox 1191 1038 1327 1089; x_wconf 90' lang='lat' dir='ltr'>cano.]</span> 
     </span>
     <span class='ocr_line' id='line_1_15' title="bbox 302 1094 1468 1146; baseline 0.004 -14"><span class='ocrx_word' id='word_1_94' title='bbox 302 1094 487 1133; x_wconf 85' lang='lat' dir='ltr'>Venimus</span> <span class='ocrx_word' id='word_1_95' title='bbox 520 1095 565 1133; x_wconf 86' lang='lat' dir='ltr'>ad</span> <span class='ocrx_word' id='word_1_96' title='bbox 599 1101 780 1145; x_wconf 86' lang='lat' dir='ltr'>quartum</span> <span class='ocrx_word' id='word_1_97' title='bbox 800 1127 810 1146; x_wconf 85' lang='lat'>‚</span> <span class='ocrx_word' id='word_1_98' title='bbox 843 1107 919 1146; x_wconf 91' lang='lat' dir='ltr'>quo</span> <span class='ocrx_word' id='word_1_99' title='bbox 952 1102 994 1134; x_wconf 92' lang='lat' dir='ltr'>tu</span> <span class='ocrx_word' id='word_1_100' title='bbox 1025 1095 1281 1135; x_wconf 87' lang='lat' dir='ltr'>celeberrima</span> <span class='ocrx_word' id='word_1_101' title='bbox 1313 1109 1468 1137; x_wconf 84' lang='lat' dir='ltr'>mense.</span> 
     </span>
     <span class='ocr_line' id='line_1_16' title="bbox 360 1152 1456 1206; baseline 0.005 -16"><span class='ocrx_word' id='word_1_102' title='bbox 360 1152 409 1191; x_wconf 89' lang='lat' dir='ltr'>Et</span> <span class='ocrx_word' id='word_1_103' title='bbox 440 1158 566 1191; x_wconf 81' lang='lat' dir='ltr'>vatem</span> <span class='ocrx_word' id='word_1_104' title='bbox 599 1160 637 1191; x_wconf 89' lang='lat' dir='ltr'>et</span> <span class='ocrx_word' id='word_1_105' title='bbox 668 1165 842 1191; x_wconf 88' lang='lat' dir='ltr'>mensem</span> <span class='ocrx_word' id='word_1_106' title='bbox 876 1155 952 1192; x_wconf 88' lang='lat' dir='ltr'>scis</span> <span class='ocrx_word' id='word_1_107' title='bbox 971 1185 982 1206; x_wconf 84' lang='lat'><strong><em>,</em></strong></span> <span class='ocrx_word' id='word_1_108' title='bbox 1012 1153 1171 1206; x_wconf 88' lang='lat' dir='ltr'>Venus,</span> <span class='ocrx_word' id='word_1_109' title='bbox 1203 1167 1290 1194; x_wconf 88' lang='lat' dir='ltr'>esse</span> <span class='ocrx_word' id='word_1_110' title='bbox 1322 1153 1456 1195; x_wconf 87' lang='lat' dir='ltr'>tuos.&#39;</span> 
     </span>
     <span class='ocr_line' id='line_1_17' title="bbox 240 1211 1311 1264; baseline 0.003 -15"><span class='ocrx_word' id='word_1_111' title='bbox 240 1219 281 1250; x_wconf 87' lang='lat'>15</span> <span class='ocrx_word' id='word_1_112' title='bbox 301 1211 402 1249; x_wconf 85' lang='lat' dir='ltr'>Mota</span> <span class='ocrx_word' id='word_1_113' title='bbox 436 1211 663 1261; x_wconf 79' lang='lat' dir='ltr'>Cytheriaca</span> <span class='ocrx_word' id='word_1_114' title='bbox 694 1211 832 1250; x_wconf 86' lang='lat' dir='ltr'>leviter</span> <span class='ocrx_word' id='word_1_115' title='bbox 864 1224 947 1250; x_wconf 92' lang='lat' dir='ltr'>mea</span> <span class='ocrx_word' id='word_1_116' title='bbox 979 1218 1154 1263; x_wconf 85' lang='lat' dir='ltr'>tempora</span> <span class='ocrx_word' id='word_1_117' title='bbox 1186 1220 1311 1264; x_wconf 82' lang='lat' dir='ltr'>myrto</span> 
     </span>
     <span class='ocr_line' id='line_1_18' title="bbox 360 1266 1357 1323; baseline 0.004 -16"><span class='ocrx_word' id='word_1_118' title='bbox 360 1269 530 1320; x_wconf 88' lang='lat' dir='ltr'>Contigit</span> <span class='ocrx_word' id='word_1_119' title='bbox 562 1276 600 1308; x_wconf 91' lang='lat' dir='ltr'>et</span> <span class='ocrx_word' id='word_1_120' title='bbox 632 1266 835 1319; x_wconf 70' lang='lat' dir='ltr'>‘coeptum</span> <span class='ocrx_word' id='word_1_121' title='bbox 868 1267 1032 1320; x_wconf 85' lang='lat' dir='ltr'>perfice’</span> <span class='ocrx_word' id='word_1_122' title='bbox 1065 1271 1161 1310; x_wconf 82' lang='lat' dir='ltr'>dixit</span> <span class='ocrx_word' id='word_1_123' title='bbox 1193 1268 1357 1323; x_wconf 76' lang='lat' dir='ltr'>‘opus.&#39;</span> 
     </span>
     <span class='ocr_line' id='line_1_19' title="bbox 303 1327 1338 1379; baseline 0.004 -14"><span class='ocrx_word' id='word_1_124' title='bbox 303 1327 505 1366; x_wconf 86' lang='lat' dir='ltr'>Sensimus</span> <span class='ocrx_word' id='word_1_125' title='bbox 524 1358 534 1378; x_wconf 87' lang='lat'><strong><em>,</em></strong></span> <span class='ocrx_word' id='word_1_126' title='bbox 567 1333 606 1366; x_wconf 88' lang='lat' dir='ltr'>et</span> <span class='ocrx_word' id='word_1_127' title='bbox 638 1340 775 1366; x_wconf 88' lang='lat' dir='ltr'>causae</span> <span class='ocrx_word' id='word_1_128' title='bbox 809 1327 937 1367; x_wconf 89' lang='lat' dir='ltr'>subito</span> <span class='ocrx_word' id='word_1_129' title='bbox 969 1334 1130 1379; x_wconf 87' lang='lat' dir='ltr'>patuere</span> <span class='ocrx_word' id='word_1_130' title='bbox 1163 1329 1338 1369; x_wconf 89' lang='lat' dir='ltr'>dierum.</span> 
     </span>
     <span class='ocr_line' id='line_1_20' title="bbox 360 1385 1298 1437; baseline 0.003 -13"><span class='ocrx_word' id='word_1_131' title='bbox 360 1385 459 1424; x_wconf 90' lang='lat' dir='ltr'>Dum</span> <span class='ocrx_word' id='word_1_132' title='bbox 492 1385 582 1424; x_wconf 91' lang='lat' dir='ltr'>licet</span> <span class='ocrx_word' id='word_1_133' title='bbox 613 1392 652 1424; x_wconf 89' lang='lat' dir='ltr'>et</span> <span class='ocrx_word' id='word_1_134' title='bbox 683 1388 831 1437; x_wconf 86' lang='lat' dir='ltr'>spirant</span> <span class='ocrx_word' id='word_1_135' title='bbox 862 1386 1044 1434; x_wconf 82' lang='lat' dir='ltr'>flamina,</span> <span class='ocrx_word' id='word_1_136' title='bbox 1077 1389 1183 1426; x_wconf 87' lang='lat' dir='ltr'>navis</span> <span class='ocrx_word' id='word_1_137' title='bbox 1215 1394 1298 1428; x_wconf 87' lang='lat' dir='ltr'>eat.</span> 
     </span>
     <span class='ocr_line' id='line_1_21' title="bbox 301 1443 1513 1499; baseline -0.001 -17"><span class='ocrx_word' id='word_1_138' title='bbox 301 1443 419 1494; x_wconf 90' lang='lat' dir='ltr'>Siqua</span> <span class='ocrx_word' id='word_1_139' title='bbox 453 1450 579 1482; x_wconf 89' lang='lat' dir='ltr'>tamen</span> <span class='ocrx_word' id='word_1_140' title='bbox 612 1456 701 1495; x_wconf 87' lang='lat' dir='ltr'>pars</span> <span class='ocrx_word' id='word_1_141' title='bbox 734 1451 770 1483; x_wconf 86' lang='lat' dir='ltr'>te</span> <span class='ocrx_word' id='word_1_142' title='bbox 803 1445 850 1483; x_wconf 91' lang='lat' dir='ltr'>de</span> <span class='ocrx_word' id='word_1_143' title='bbox 883 1445 991 1483; x_wconf 85' lang='lat' dir='ltr'>fastis</span> <span class='ocrx_word' id='word_1_144' title='bbox 1023 1450 1181 1496; x_wconf 88' lang='lat' dir='ltr'>tangere</span> <span class='ocrx_word' id='word_1_145' title='bbox 1213 1446 1352 1499; x_wconf 83' lang='lat' dir='ltr'>(lebet,</span> <span class='ocrx_word' id='word_1_146' title='bbox 1439 1456 1513 1489; x_wconf 82' lang='lat'>(114)</span> 
     </span>
     <span class='ocr_line' id='line_1_22' title="bbox 236 1501 1298 1556; baseline 0.002 -14"><span class='ocrx_word' id='word_1_147' title='bbox 236 1510 280 1542; x_wconf 79' lang='lat'>20</span> <span class='ocrx_word' id='word_1_148' title='bbox 360 1501 529 1554; x_wconf 88' lang='lat' dir='ltr'>Caesar,</span> <span class='ocrx_word' id='word_1_149' title='bbox 562 1505 601 1541; x_wconf 87' lang='lat' dir='ltr'>iu</span> <span class='ocrx_word' id='word_1_150' title='bbox 634 1502 784 1554; x_wconf 87' lang='lat' dir='ltr'>Aprili,</span> <span class='ocrx_word' id='word_1_151' title='bbox 817 1515 893 1554; x_wconf 91' lang='lat' dir='ltr'>quo</span> <span class='ocrx_word' id='word_1_152' title='bbox 925 1505 1125 1556; x_wconf 81' lang='lat' dir='ltr'>tenearis,</span> <span class='ocrx_word' id='word_1_153' title='bbox 1156 1504 1298 1544; x_wconf 87' lang='lat' dir='ltr'>babes.</span> 
     </span>
     <span class='ocr_line' id='line_1_23' title="bbox 300 1560 1321 1613; baseline 0.003 -14"><span class='ocrx_word' id='word_1_154' title='bbox 300 1560 371 1599; x_wconf 92' lang='lat' dir='ltr'>Hic</span> <span class='ocrx_word' id='word_1_155' title='bbox 404 1560 450 1599; x_wconf 91' lang='lat' dir='ltr'>ad</span> <span class='ocrx_word' id='word_1_156' title='bbox 484 1566 520 1599; x_wconf 91' lang='lat' dir='ltr'>te</span> <span class='ocrx_word' id='word_1_157' title='bbox 553 1573 689 1610; x_wconf 85' lang='lat' dir='ltr'>magna</span> <span class='ocrx_word' id='word_1_158' title='bbox 721 1561 924 1600; x_wconf 89' lang='lat' dir='ltr'>descendit</span> <span class='ocrx_word' id='word_1_159' title='bbox 954 1563 1120 1613; x_wconf 85' lang='lat' dir='ltr'>imagine</span> <span class='ocrx_word' id='word_1_160' title='bbox 1153 1565 1321 1611; x_wconf 89' lang='lat' dir='ltr'>mensis,</span> 
     </span>
     <span class='ocr_line' id='line_1_24' title="bbox 359 1618 1068 1670; baseline 0.003 -13"><span class='ocrx_word' id='word_1_161' title='bbox 359 1618 408 1657; x_wconf 90' lang='lat' dir='ltr'>Et</span> <span class='ocrx_word' id='word_1_162' title='bbox 439 1619 480 1657; x_wconf 84' lang='lat' dir='ltr'>fit</span> <span class='ocrx_word' id='word_1_163' title='bbox 512 1619 689 1670; x_wconf 87' lang='lat' dir='ltr'>adoptiva</span> <span class='ocrx_word' id='word_1_164' title='bbox 721 1619 920 1658; x_wconf 89' lang='lat' dir='ltr'>nobilitate</span> <span class='ocrx_word' id='word_1_165' title='bbox 953 1626 1068 1659; x_wconf 89' lang='lat' dir='ltr'>tuus.</span> 
     </span>
     <span class='ocr_line' id='line_1_25' title="bbox 300 1677 1456 1734; baseline 0.004 -19"><span class='ocrx_word' id='word_1_166' title='bbox 300 1677 382 1715; x_wconf 88' lang='lat' dir='ltr'>Hoc</span> <span class='ocrx_word' id='word_1_167' title='bbox 415 1684 524 1727; x_wconf 86' lang='lat' dir='ltr'>pater</span> <span class='ocrx_word' id='word_1_168' title='bbox 556 1677 692 1716; x_wconf 88' lang='lat' dir='ltr'>Iliades</span> <span class='ocrx_word' id='word_1_169' title='bbox 711 1709 721 1729; x_wconf 86' lang='lat'><em>,</em></span> <span class='ocrx_word' id='word_1_170' title='bbox 754 1690 842 1717; x_wconf 90' lang='lat' dir='ltr'>cum</span> <span class='ocrx_word' id='word_1_171' title='bbox 875 1678 1033 1729; x_wconf 87' lang='lat' dir='ltr'>longum</span> <span class='ocrx_word' id='word_1_172' title='bbox 1065 1678 1257 1719; x_wconf 83' lang='lat' dir='ltr'>scriberet</span> <span class='ocrx_word' id='word_1_173' title='bbox 1287 1692 1456 1734; x_wconf 88' lang='lat' dir='ltr'>annum,</span> 
     </span>
     <span class='ocr_line' id='line_1_26' title="bbox 358 1734 1215 1787; baseline 0.005 -14"><span class='ocrx_word' id='word_1_174' title='bbox 358 1734 489 1786; x_wconf 88' lang='lat' dir='ltr'>Vidit,</span> <span class='ocrx_word' id='word_1_175' title='bbox 521 1742 559 1774; x_wconf 91' lang='lat' dir='ltr'>et</span> <span class='ocrx_word' id='word_1_176' title='bbox 590 1742 770 1774; x_wconf 87' lang='lat' dir='ltr'>auctores</span> <span class='ocrx_word' id='word_1_177' title='bbox 802 1736 954 1775; x_wconf 89' lang='lat' dir='ltr'>rettulit</span> <span class='ocrx_word' id='word_1_178' title='bbox 984 1738 1067 1787; x_wconf 90' lang='lat' dir='ltr'>ipse</span> <span class='ocrx_word' id='word_1_179' title='bbox 1099 1749 1215 1777; x_wconf 88' lang='lat' dir='ltr'>suos:</span> 
     </span>
     <span class='ocr_line' id='line_1_27' title="bbox 236 1793 1390 1848; baseline 0.003 -16"><span class='ocrx_word' id='word_1_180' title='bbox 236 1802 279 1833; x_wconf 81' lang='lat'>25</span> <span class='ocrx_word' id='word_1_181' title='bbox 300 1793 426 1844; x_wconf 89' lang='lat' dir='ltr'>thue</span> <span class='ocrx_word' id='word_1_182' title='bbox 459 1794 541 1832; x_wconf 85' lang='lat' dir='ltr'>sero</span> <span class='ocrx_word' id='word_1_183' title='bbox 573 1793 686 1832; x_wconf 86' lang='lat' dir='ltr'>Marti</span> <span class='ocrx_word' id='word_1_184' title='bbox 717 1795 881 1844; x_wconf 89' lang='lat' dir='ltr'>primam</span> <span class='ocrx_word' id='word_1_185' title='bbox 914 1794 1020 1832; x_wconf 89' lang='lat' dir='ltr'>dedit</span> <span class='ocrx_word' id='word_1_186' title='bbox 1051 1795 1186 1834; x_wconf 90' lang='lat' dir='ltr'>ordine</span> <span class='ocrx_word' id='word_1_187' title='bbox 1219 1801 1390 1848; x_wconf 88' lang='lat' dir='ltr'>sortem,</span> 
     </span>
     <span class='ocr_line' id='line_1_28' title="bbox 359 1851 1273 1905; baseline 0.002 -15"><span class='ocrx_word' id='word_1_188' title='bbox 359 1851 469 1897; x_wconf 88' lang='lat' dir='ltr'>Quod</span> <span class='ocrx_word' id='word_1_189' title='bbox 502 1851 576 1890; x_wconf 91' lang='lat' dir='ltr'>sibi</span> <span class='ocrx_word' id='word_1_190' title='bbox 607 1852 792 1890; x_wconf 87' lang='lat' dir='ltr'>nascendi</span> <span class='ocrx_word' id='word_1_191' title='bbox 823 1853 997 1903; x_wconf 86' lang='lat' dir='ltr'>proxima</span> <span class='ocrx_word' id='word_1_192' title='bbox 1030 1864 1144 1891; x_wconf 89' lang='lat' dir='ltr'>causa</span> <span class='ocrx_word' id='word_1_193' title='bbox 1177 1854 1273 1905; x_wconf 86' lang='lat' dir='ltr'>fuit,</span> 
     </span>
     <span class='ocr_line' id='line_1_29' title="bbox 301 1908 1410 1964; baseline 0.003 -16"><span class='ocrx_word' id='word_1_194' title='bbox 301 1910 364 1949; x_wconf 89' lang='lat' dir='ltr'>Sic</span> <span class='ocrx_word' id='word_1_195' title='bbox 396 1908 586 1948; x_wconf 88' lang='lat' dir='ltr'>Venerem</span> <span class='ocrx_word' id='word_1_196' title='bbox 618 1909 802 1960; x_wconf 86' lang='lat' dir='ltr'>gradibus</span> <span class='ocrx_word' id='word_1_197' title='bbox 835 1910 966 1948; x_wconf 87' lang='lat' dir='ltr'>multis</span> <span class='ocrx_word' id='word_1_198' title='bbox 998 1912 1036 1949; x_wconf 89' lang='lat' dir='ltr'>in</span> <span class='ocrx_word' id='word_1_199' title='bbox 1068 1917 1182 1962; x_wconf 86' lang='lat' dir='ltr'>gente</span> <span class='ocrx_word' id='word_1_200' title='bbox 1215 1918 1410 1964; x_wconf 88' lang='lat' dir='ltr'>repertam</span> 
     </span>
     <span class='ocr_line' id='line_1_30' title="bbox 358 1967 1216 2021; baseline 0.002 -15"><span class='ocrx_word' id='word_1_201' title='bbox 358 1968 528 2006; x_wconf 88' lang='lat' dir='ltr'>Alterius</span> <span class='ocrx_word' id='word_1_202' title='bbox 561 1967 681 2007; x_wconf 89' lang='lat' dir='ltr'>voluit</span> <span class='ocrx_word' id='word_1_203' title='bbox 711 1969 858 2007; x_wconf 88' lang='lat' dir='ltr'>mensis</span> <span class='ocrx_word' id='word_1_204' title='bbox 890 1968 1032 2007; x_wconf 89' lang='lat' dir='ltr'>habere</span> <span class='ocrx_word' id='word_1_205' title='bbox 1064 1969 1216 2021; x_wconf 78' lang='lat' dir='ltr'>locum3</span> 
     </span>
     <span class='ocr_line' id='line_1_31' title="bbox 299 2026 1407 2079; baseline 0.004 -15"><span class='ocrx_word' id='word_1_206' title='bbox 299 2026 618 2077; x_wconf 88' lang='lat' dir='ltr'>Principiumque</span> <span class='ocrx_word' id='word_1_207' title='bbox 652 2028 713 2065; x_wconf 89' lang='lat' dir='ltr'>sui</span> <span class='ocrx_word' id='word_1_208' title='bbox 744 2028 899 2077; x_wconf 83' lang='lat' dir='ltr'>generis</span> <span class='ocrx_word' id='word_1_209' title='bbox 932 2027 1184 2079; x_wconf 87' lang='lat' dir='ltr'>revolutaque</span> <span class='ocrx_word' id='word_1_210' title='bbox 1216 2040 1407 2079; x_wconf 87' lang='lat' dir='ltr'>quaerens</span> 
     </span>
     <span class='ocr_line' id='line_1_32' title="bbox 234 2084 1255 2137; baseline 0.001 -13"><span class='ocrx_word' id='word_1_211' title='bbox 234 2093 279 2124; x_wconf 91' lang='lat'>30</span> <span class='ocrx_word' id='word_1_212' title='bbox 360 2084 521 2123; x_wconf 87' lang='lat' dir='ltr'>Saecula</span> <span class='ocrx_word' id='word_1_213' title='bbox 540 2117 551 2136; x_wconf 82' lang='lat'><em>‚</em></span> <span class='ocrx_word' id='word_1_214' title='bbox 583 2092 766 2136; x_wconf 85' lang='lat' dir='ltr'>cognatos</span> <span class='ocrx_word' id='word_1_215' title='bbox 799 2086 903 2124; x_wconf 89' lang='lat' dir='ltr'>venit</span> <span class='ocrx_word' id='word_1_216' title='bbox 934 2086 1108 2137; x_wconf 88' lang='lat' dir='ltr'>adusque</span> <span class='ocrx_word' id='word_1_217' title='bbox 1140 2086 1255 2125; x_wconf 91' lang='lat' dir='ltr'>deos.</span> 
     </span>
     <span class='ocr_line' id='line_1_33' title="bbox 300 2142 1279 2183; baseline 0.001 -2"><span class='ocrx_word' id='word_1_218' title='bbox 300 2142 504 2181; x_wconf 88' lang='lat' dir='ltr'>Dardanon</span> <span class='ocrx_word' id='word_1_219' title='bbox 536 2143 689 2182; x_wconf 88' lang='lat' dir='ltr'>Electra</span> <span class='ocrx_word' id='word_1_220' title='bbox 722 2145 893 2183; x_wconf 86' lang='lat' dir='ltr'>nesciret</span> <span class='ocrx_word' id='word_1_221' title='bbox 923 2144 1114 2182; x_wconf 86' lang='lat' dir='ltr'>Atlantide</span> <span class='ocrx_word' id='word_1_222' title='bbox 1146 2150 1279 2183; x_wconf 89' lang='lat' dir='ltr'>natum</span> 
     </span>
     <span class='ocr_line' id='line_1_34' title="bbox 359 2200 1202 2252; baseline 0.002 -13"><span class='ocrx_word' id='word_1_223' title='bbox 359 2200 545 2252; x_wconf 86' lang='lat' dir='ltr'>Scilicet,</span> <span class='ocrx_word' id='word_1_224' title='bbox 578 2201 770 2240; x_wconf 88' lang='lat' dir='ltr'>Electram</span> <span class='ocrx_word' id='word_1_225' title='bbox 804 2201 1061 2241; x_wconf 84' lang='lat' dir='ltr'>concubuisse</span> <span class='ocrx_word' id='word_1_226' title='bbox 1093 2200 1202 2241; x_wconf 76' lang='lat' dir='ltr'>lovi?</span> 
     </span>
     <span class='ocr_line' id='line_1_35' title="bbox 299 2259 1436 2311; baseline 0.003 -14"><span class='ocrx_word' id='word_1_227' title='bbox 299 2259 423 2298; x_wconf 90' lang='lat' dir='ltr'>Huius</span> <span class='ocrx_word' id='word_1_228' title='bbox 457 2259 762 2299; x_wconf 86' lang='lat' dir='ltr'>Erichthonius:</span> <span class='ocrx_word' id='word_1_229' title='bbox 806 2260 905 2298; x_wconf 90' lang='lat' dir='ltr'>Tros</span> <span class='ocrx_word' id='word_1_230' title='bbox 938 2266 996 2299; x_wconf 90' lang='lat' dir='ltr'>est</span> <span class='ocrx_word' id='word_1_231' title='bbox 1028 2267 1236 2311; x_wconf 85' lang='lat' dir='ltr'>generatus</span> <span class='ocrx_word' id='word_1_232' title='bbox 1269 2259 1316 2299; x_wconf 87' lang='lat' dir='ltr'>ab</span> <span class='ocrx_word' id='word_1_233' title='bbox 1347 2260 1436 2300; x_wconf 92' lang='lat' dir='ltr'>illo:</span> 
     </span>
     <span class='ocr_line' id='line_1_36' title="bbox 358 2318 1342 2371; baseline 0.002 -15"><span class='ocrx_word' id='word_1_234' title='bbox 358 2320 572 2356; x_wconf 86' lang='lat' dir='ltr'>Assaracon</span> <span class='ocrx_word' id='word_1_235' title='bbox 605 2325 711 2357; x_wconf 86' lang='lat' dir='ltr'>creat</span> <span class='ocrx_word' id='word_1_236' title='bbox 742 2318 804 2357; x_wconf 90' lang='lat' dir='ltr'>hic</span> <span class='ocrx_word' id='word_1_237' title='bbox 822 2349 834 2370; x_wconf 82' lang='lat'><em>‚</em></span> <span class='ocrx_word' id='word_1_238' title='bbox 867 2319 1156 2369; x_wconf 89' lang='lat' dir='ltr'>Assaracusque</span> <span class='ocrx_word' id='word_1_239' title='bbox 1190 2318 1342 2371; x_wconf 87' lang='lat' dir='ltr'>Capyn.</span> 
     </span>
    </p>
   </div>
  </div>
 </body>
</html>
