1570 2527
205 44 254 79 VI

203 156 317 192 terna
353 154 574 203 minimum,
618 169 655 204 p.
696 158 773 194 121
814 169 966 196 novem.
1038 157 1293 196 revincuntur
1335 169 1382 195 ea
1422 156 1537 195 facile

204 212 335 250 omnia
381 213 527 251 saeculi
570 226 626 251 ΧΗ
669 214 797 263 libris,
841 215 924 264 qui,
976 215 1078 264 quod
1125 227 1195 253 nec
1245 215 1343 253 alias
1391 227 1536 262 rarum,

204 271 381 320 plerique
424 284 502 310 non
538 272 713 321 vulgaris
753 276 843 311 sunt
881 273 1100 321 commatis,
1143 285 1214 311 nec
1251 274 1312 312 sui
1348 273 1546 321 temporis

205 328 362 377 quidem
393 330 527 367 naevis
560 329 838 368 deformantur.
913 343 1050 369 versus
1081 331 1225 380 integri
1257 333 1328 369 aut
1357 330 1536 379 disticha,

205 399 306 435 quae
342 388 384 424 in
415 388 542 425 Fastis
575 388 822 437 repudiandi,
862 391 930 427 aut
967 392 1058 427 sunt
1095 389 1361 438 antiquiorum
1392 401 1535 438 appen-

204 445 320 493 dices,
352 447 396 482 ut
422 446 462 482 II
490 447 584 494 202,
616 447 686 483 aut
710 448 795 495 ipsa
825 448 942 495 paulo
969 449 1061 484 sunt
1086 447 1318 495 antiquiora,
1351 449 1396 484 ut
1419 459 1535 496 quae-

205 503 294 541 dam
327 503 418 541 libri
449 503 516 540 VI.
590 503 688 541 nihil
720 505 767 542 de
799 505 866 542 illo
898 516 1040 553 genere
1070 504 1402 552 interpolationis,
1439 516 1538 553 quae

202 562 371 599 saeculis
409 574 466 599 xn
504 563 543 599 et
579 574 622 598 XI
657 563 897 611 importuna,
936 562 1168 610 deliberata,
1205 561 1388 610 pervicax
1427 574 1536 611 gras-

207 621 295 657 sata
332 621 409 668 est,
441 619 679 669 scholarum,
718 623 763 658 ut
799 621 970 669 videtur,
1002 620 1138 658 usibus
1171 619 1311 658 affinis.
1383 622 1537 657 mutan-

205 679 272 714 tur
304 690 403 726 quae
425 678 650 726 scrupulum
675 678 897 726 iniciebant,
928 680 973 716 ut
999 679 1090 716 Met.
1115 677 1193 715 VII
1219 679 1301 716 636
1323 676 1422 715 VIII
1442 679 1537 726 237,

205 735 434 773 inseruntur
469 748 607 774 versus
649 737 984 786 interpretationis
1025 738 1094 774 aut
1125 736 1372 774 exercitionis
1410 748 1537 784 causa,

205 805 302 842 quos
333 794 479 832 ibidem
497 795 586 843 plus
618 795 758 844 viginti
790 795 929 833 codicis
949 795 989 832 M
1008 794 1233 833 testimonio
1254 794 1401 843 expuli3
1432 795 1535 844 peri-

205 852 368 900 phrases
396 865 579 890 versuum
605 854 859 901 pauculorum
885 853 1046 891 mirifice
1072 854 1299 891 excrescunt
1318 852 1417 890 VIII
1439 854 1534 900 596,

208 911 303 958 655,
339 912 432 949 696.
493 911 633 949 leviter
658 912 752 949 haec
777 912 1008 961 praevalent
1032 912 1070 949 in
1097 911 1287 960 pericopis
1313 911 1538 948 fabularum

207 968 349 1006 scholis
375 968 582 1017 aptiorum,
610 970 678 1007 sed
702 973 786 1008 toto
807 983 965 1019 corpore
985 970 1252 1008 inveniuntur:
1278 970 1394 1018 putes
1424 969 1538 1018 prod-

207 1027 285 1064 isse
322 1039 341 1063 e
379 1039 514 1065 museo
553 1028 697 1065 veteris
736 1028 899 1066 alicuius
938 1029 1157 1066 scholarum
1194 1027 1368 1076 patroni,
1411 1027 1538 1076 qualis

205 1085 273 1121 ille
305 1084 617 1134 Erchenbaldus,
657 1087 723 1134 qui
759 1107 805 1113 —
843 1088 1016 1124 ecclesiae
1045 1087 1208 1124 Iozczitus
1239 1087 1393 1124 antistes
1424 1087 1539 1123 libros

199 1144 412 1191 perleyerat
454 1155 597 1193 omncs,
640 1145 751 1183 Inter
791 1157 883 1192 quos
922 1147 1036 1183 issum
1077 1165 1126 1170 —
1165 1145 1331 1182 libellum
1368 1142 1541 1181 Correxit.

200 1213 273 1249 per
297 1213 336 1239 se
360 1200 521 1240 studiosi
546 1204 730 1250 doymatis
755 1207 846 1252 arte,
866 1203 994 1241 Falsa
1020 1206 1126 1241 catus
1149 1203 1289 1240 radens
1314 1205 1348 1240 et
1372 1213 1539 1249 conyrua

207 1261 379 1298 sensibus
422 1262 573 1298 addens.
648 1262 715 1298 ille
765 1261 921 1310 quidem
965 1261 1118 1299 saeculo
1163 1260 1310 1298 decimo
1355 1262 1537 1297 exeunte:

207 1317 274 1355 sed
311 1320 444 1355 tamen
480 1319 528 1355 ab
566 1319 770 1356 undecimo
810 1320 1134 1368 interpolationes
1171 1318 1331 1356 Pindari
1363 1318 1540 1355 Thebani

208 1376 451 1424 aliorumque
482 1380 708 1424 poematum
739 1378 866 1426 repeti
896 1377 1021 1425 video,
1052 1378 1138 1425 ipse
1169 1377 1289 1414 codex
1313 1376 1432 1414 Laur.
1459 1376 1536 1413 Me-

206 1437 298 1471 tam.
332 1434 397 1471 vix
427 1435 636 1483 recentior,
668 1437 772 1473 certe
799 1435 1032 1473 Ursinianus
1058 1435 1280 1483 Fastorum,
1312 1434 1379 1483 qui
1404 1434 1540 1471 eadem

208 1492 406 1541 farragine
445 1493 694 1541 scholastica,
732 1494 848 1541 paulo
888 1506 1005 1542 quam
1041 1493 1081 1531 in
1111 1492 1229 1530 Laur.
1270 1494 1310 1530 et
1340 1491 1422 1531 Erf.
1454 1503 1538 1530 cru-

208 1550 332 1598 diore,
371 1551 551 1599 oppletus
590 1553 665 1599 est,
704 1552 862 1589 ineunte
900 1564 997 1589 saec.
1029 1560 1077 1589 XI
1116 1551 1284 1599 scriptus
1320 1550 1537 1588 videbatur.

207 1609 329 1646 habet
358 1609 508 1657 primus
541 1608 734 1647 distichon
766 1622 810 1646 ea
842 1611 970 1646 aetate
1004 1609 1166 1658 dignum
1191 1608 1248 1645 VI
1271 1609 1351 1646 739
1388 1609 1472 1646 740
1499 1610 1540 1645 et

207 1666 287 1704 tria
318 1666 374 1703 VI
397 1668 480 1705 270
513 1667 561 1704 ad
595 1669 696 1715 276,
730 1679 828 1716 quae
859 1667 993 1717 magni
1023 1667 1231 1704 interforet
1263 1665 1370 1713 sciri,
1402 1668 1537 1714 potue-

208 1724 339 1762 iintne
388 1727 484 1763 tunc
525 1726 713 1790 temporis
764 1726 812 1763 ab
862 1725 1018 1763 homine
1067 1724 1179 1763 docto
1222 1723 1477 1762 Benedictino
1518 1736 1539 1762 e

208 1782 414 1820 Lactantio
454 1783 640 1832 confingi,
679 1784 711 1821 si
748 1785 980 1832 potueiunt,
1023 1795 1094 1821 1166
1131 1783 1208 1820 alia
1245 1781 1456 1820 Fastorum
1499 1784 1540 1820 et

210 1841 464 1879 Ponticorum
495 1841 542 1879 ad
576 1854 675 1879 saec.
707 1854 748 1880 VI
780 1842 919 1880 referri
949 1853 1107 1879 necesse
1137 1840 1268 1878 fuerit.

329 1899 482 1937 Saeculi
508 1909 538 1938 X
570 1900 758 1938 habemus
791 1900 937 1938 librum
968 1900 1228 1938 Petavianum
1253 1899 1463 1937 Fastorum
1487 1901 1545 1948 et,

209 1960 400 2006 quantum
431 1960 544 2007 puto,
581 1958 923 2008 Hamburgensem
954 1958 1223 2006 Ponticorum,
1255 1957 1399 2006 quippe
1430 1957 1539 1995 cuius

209 2017 405 2066 scriptura
442 2017 557 2065 plane
589 2029 677 2054 cum
708 2016 863 2054 H01atii
894 2015 1182 2055 Orellianorum
1213 2027 1290 2054 uno
1322 2015 1538 2064 conveniat,

207 2087 278 2113 1166
309 2087 333 2112 a
364 2075 550 2112 Thuaneo
583 2075 827 2124 epithalamii
859 2074 1005 2112 Catulli
1041 2074 1116 2112 nisi
1153 2073 1384 2122 spatiosiore
1419 2046 1538 2122 paulo⁷

208 2133 436 2170 litteratura
486 2133 660 2173 discedit.
739 2133 945 2171 Petaviani
994 2135 1034 2170 et
1076 2132 1390 2181 Hamburgensis
1432 2144 1538 2169 men-

209 2191 348 2229 dorum
385 2191 489 2229 idem
526 2204 650 2240 genus
689 2194 766 2240 est,
804 2191 1007 2230 Petaviani
1038 2190 1249 2239 crebriora3
1287 2189 1538 2238 interpolatio

208 2250 429 2299 verborum,
457 2262 574 2299 quam
600 2250 726 2288 dicere
753 2250 881 2298 velim,
907 2250 1016 2288 nulla
1040 2249 1080 2286 in
1105 2248 1294 2286 insubidis
1319 2248 1410 2297 illis,
1442 2259 1538 2297 quas
