1570 2527
587 106 632 138 11.
662 107 859 139 358-431,
1340 102 1396 143 33

81 223 149 254 395
171 214 247 260 Qui
277 214 374 266 legis
406 213 590 253 Electran
624 219 662 253 et
695 220 876 265 egentem
908 214 1050 252 mentis
1084 212 1288 264 Orestem,

170 273 346 324 Aegisthi
378 274 528 312 crimen
560 272 882 324 Tyndaridosque
915 272 1036 323 legis,

170 331 272 371 Num
305 332 398 383 quid
430 331 478 370 de
510 333 651 370 tetrico
683 332 852 370 reseram
884 331 1076 370 domitore
1110 329 1361 381 Chimaerae,

172 390 297 436 Quem
330 390 407 429 leto
441 389 554 429 fallax
585 390 741 441 hospita
771 402 895 441 paene
929 387 1067 428 dedit?

171 449 273 495 Quid
304 449 442 500 loquar
471 448 740 501 Hermionen,
780 449 872 500 quid
905 453 943 487 te
963 480 973 500 7
1018 447 1233 486 Schoeneia
1264 448 1398 497 virgo,

83 516 151 547 400
172 508 305 558 Teque
326 540 336 560 ,
368 508 577 559 Mycenaeo
610 507 787 546 Phoebas
821 512 945 546 amata
978 504 1131 549 duci‘?¹

173 566 274 612 Quid
307 566 463 605 Danaen
496 566 724 617 Danaesque
758 578 901 605 nurum
935 571 1179 616 matremque
1212 563 1327 616 Lyaei

174 620 450 676 Haemonaque
485 631 523 664 et
554 630 690 664 noctes
723 626 787 664 cui
820 627 949 663 coiere
983 621 1116 662 duae?

174 683 275 729 Quid
301 684 430 722 Peliae
457 696 671 735 generum,
704 684 797 734 quid
818 683 990 735 Thesea,
1020 684 1166 733 quique
1192 681 1401 733 Pelasgum

173 742 328 780 Iliacam
361 744 491 793 tetigit
522 742 569 780 de
601 747 685 780 rate
717 744 868 792 primus
901 739 1099 780 humum?

83 808 152 840 405
172 800 258 839 Huc
289 800 367 839 Iole
400 800 620 852 Pyrrhique
653 812 824 852 parens,
857 800 934 838 huc
967 799 1148 838 Herculis
1181 811 1304 851 uxor,

173 858 260 898 Huc
291 859 451 898 accedat
482 859 597 911 Hylas
630 859 849 910 Iliacusque
882 870 1003 910 puer.

173 919 367 970 Tempore
401 918 559 957 deficiar
577 949 588 970 ,
621 919 790 969 tragicos
824 919 856 956 si
887 928 1105 968 persequar
1137 917 1271 968 ignes,

173 977 323 1028 Vixque
355 989 467 1016 meus
500 978 627 1028 capiet
659 978 817 1015 nomina
849 976 953 1015 nuda
985 975 1108 1014 liber.

173 1035 244 1075 Est
276 1041 314 1075 et
345 1037 384 1074 in
417 1035 610 1074 obscenos
643 1035 791 1074 deflexa
824 1034 1022 1085 tragoedia
1055 1035 1182 1086 risus,

86 1102 154 1135 410
175 1094 374 1146 Multaque
407 1096 611 1146 praeteriti
642 1094 759 1133 verba
792 1094 955 1145 pudoris
987 1092 1130 1131 habet.

175 1154 255 1192 Nec
287 1159 404 1193 nocet
436 1155 616 1205 auctori,
650 1153 805 1191 mollem
839 1154 906 1203 qui
938 1153 1031 1191 fecit
1063 1150 1276 1203 Achillem,

175 1212 385 1263 Infregisse
419 1213 501 1251 suis
534 1212 649 1251 fortia
681 1212 781 1250 facta
813 1211 962 1250 modis.

175 1271 306 1310 Iunxit
337 1270 529 1309 Aristides
560 1270 710 1309 Milesia
742 1271 905 1310 crimina
938 1282 1096 1321 secum,

176 1329 319 1369 Pulsus
351 1330 542 1368 Aristides
575 1341 648 1368 nec
681 1334 812 1368 tamen
844 1328 942 1368 urbe
977 1340 1046 1367 sua
1078 1332 1160 1366 est.

87 1395 155 1426 415
177 1389 256 1427 Nec
289 1390 356 1439 qui
388 1388 598 1439 descripsit
630 1389 833 1438 corrumpi
865 1388 1013 1426 semina
1046 1392 1237 1437 matrum,

176 1446 326 1486 Eubius
345 1478 356 1498 ,
387 1448 564 1497 impurae
598 1447 778 1485 conditor
810 1446 1026 1497 historiae,

176 1505 257 1544 Nec
290 1506 358 1556 qui
389 1506 610 1555 composuit
640 1516 768 1555 nuper
802 1504 1045 1554 Sybaritica,
1079 1503 1201 1554 fugit,

177 1563 258 1602 Nec
291 1565 359 1615 qui
391 1562 624 1602 concubitus
656 1575 735 1601 non
768 1568 927 1601 tacuere
961 1574 1076 1600 suos.

179 1622 358 1673 Suntque
391 1634 435 1660 ea
467 1622 674 1661 doctorum
705 1622 971 1660 monumentis
1004 1620 1106 1659 salva
1138 1620 1336 1670 virorum,

88 1687 157 1720 420
177 1680 487 1731 Muneribusque
519 1681 664 1719 ducum
697 1680 851 1731 publica
884 1681 984 1718 facta
1016 1683 1173 1730 patent.

177 1739 282 1779 Neve
313 1740 534 1791 peregrinis
566 1744 719 1778 tantum
752 1738 938 1777 defendar
971 1737 1018 1776 ab
1051 1738 1193 1776 armis:

177 1798 228 1838 Et
259 1798 458 1837 Romanus
489 1797 607 1837 habet
638 1797 758 1836 multa
790 1799 921 1836 iocosa
954 1797 1075 1835 liber.

177 1857 306 1908 thue
338 1869 409 1896 suo
442 1856 606 1896 Martem
639 1857 782 1895 cecinit
814 1857 941 1907 gravis
973 1855 1124 1894 Ennius
1158 1866 1250 1906 ore,

178 1916 329 1955 Ennius
360 1917 518 1967 ingenio
552 1917 773 1967 maximus,
807 1920 889 1954 arte
923 1914 1057 1966 rudis,

89 1981 156 2014 425
179 1974 356 2026 Explicat
387 1980 431 2013 ut
463 1986 600 2013 causas
632 1974 758 2024 rapidi
789 1972 999 2012 Lucretius
1031 1973 1156 2024 ignis,

178 2034 450 2084 Casurumque
483 2032 625 2084 triplex
657 2034 890 2071 vaticinatur
923 2043 1045 2083 opuS‚

179 2092 243 2132 Sic
275 2104 346 2131 sua
376 2091 518 2131 lascivo
552 2097 703 2130 cantata
736 2097 795 2130 est
827 2102 942 2142 saepe
976 2088 1125 2128 Catullo

178 2151 366 2203 Femina,
400 2152 463 2189 cui
495 2150 635 2189 falsum
666 2149 806 2188 Lesbia
838 2160 981 2188 nomen
1014 2153 1120 2199 erat3

178 2209 258 2249 Nec
291 2215 500 2249 contentus
534 2221 579 2248 ea
610 2207 754 2248 multos
786 2207 955 2258 vulgavit
986 2218 1163 2258 amores,

89 2267 222 2307 4301n
256 2268 397 2319 quibus
429 2270 513 2319 ipse
546 2280 662 2307 suum
694 2268 821 2306 fassus
855 2265 1090 2304 adulterium
1124 2270 1207 2304 est.

178 2326 254 2365 Par
286 2328 360 2366 fuit
392 2328 522 2378 exigui
555 2325 771 2377 similisque
804 2325 960 2364 licentia
993 2323 1120 2376 Calvi,

130 2399 241 2425 ovn).
278 2399 336 2425 111.
1170 2392 1191 2422 3
