1570 2527
576 127 635 159 IV.
663 134 740 160 vm
761 127 951 160 70—V1111
970 127 1026 160 48.
1387 123 1472 166 199

308 236 458 286 Lingua
490 234 684 274 salutandi
716 247 879 273 munere
914 235 1047 274 functa
1080 235 1159 273 tui:

249 294 510 345 Gratatusque
544 293 800 332 darem-cum
833 293 1014 332 dulcibus
1048 293 1181 332 oscula
1213 292 1366 344 verbis,

307 353 388 393 Nec
419 354 549 391 minus
582 352 645 390 ille
678 364 818 403 meus,
853 364 968 402 quam
1002 358 1123 403 tuus,
1157 359 1261 390 esset
1292 351 1443 390 honor.

187 420 227 451 15
249 411 343 463 Illa,
377 412 596 462 confiteor,
631 413 686 449 sic
719 423 845 449 essem
880 411 965 450 luce
1000 410 1219 463 superbus,

307 470 358 509 Ut
390 476 548 521 caperet
580 470 703 508 fastus
736 471 797 508 vix
831 470 970 508 domus
1005 469 1079 508 ulla
1113 481 1243 521 me0s3

248 529 427 580 Dumque
460 528 561 567 latus
595 529 720 567 sancti
753 530 874 578 cingit
906 528 975 567 tibi
1008 528 1122 566 turha
1155 533 1337 579 senatus,

308 587 488 627 Consulis
521 592 609 626 ante
642 587 763 638 pedes
795 589 852 625 ire
885 587 1044 625 iuberer
1078 598 1221 637 eques:

248 646 298 685 Et
330 658 565 697 quamquam
598 657 784 696 cuperem
817 658 972 697 semper
1012 646 1083 684 tibi
1122 646 1322 696 proximus
1363 656 1474 697 esse,

185 713 229 745 20
310 704 530 744 Gauderem
561 704 694 743 lateris
727 717 804 743 non
838 704 1021 743 habuisse
1055 704 1206 742 locum.

248 763 329 802 Nec
363 763 582 814 querulus,
617 763 731 801 turba
765 764 940 813 quamvis
973 763 1140 801 eliderer
1160 794 1170 814 ‚
1205 774 1355 802 essem:

309 822 386 860 Sed
419 822 520 860 foret
552 834 572 859 a
605 821 749 872 populo
783 829 876 860 tunc
910 821 1004 860 mihi
1037 821 1149 860 dulce
1183 822 1332 872 premi.

248 880 521 931 Prospicerem
553 880 726 931 gaudens
747 912 758 932 ‚
790 886 959 931 quantus
993 882 1094 918 soret
1126 882 1291 930 agminis
1324 879 1444 932 ordo,

306 939 512 990 Densaque
546 951 662 990 quam
694 938 853 990 longum
886 939 1000 978 turba
1032 944 1186 977 teneret
1218 940 1315 977 iter.

183 1006 227 1038 25
250 997 434 1049 [Quoque
466 999 588 1048 magis
621 999 757 1049 noris,
791 1010 906 1048 quam
940 1010 1000 1036 me
1035 997 1206 1048 vulgaria
1239 1003 1421 1049 tangant,

308 1057 565 1109 Spectarem,
600 1056 725 1108 qualis
758 1069 933 1108 purpura
967 1063 1004 1095 te
1038 1063 1189 1107 tegeret
1204 1055 1228 1105 .]

249 1115 387 1166 [Signa
419 1128 575 1167 quoque
609 1117 649 1154 in
683 1115 775 1154 sella
808 1127 964 1154 nossem
998 1116 1161 1154 formata
1194 1114 1340 1165 curuli,

306 1174 356 1213 Et
386 1180 513 1213 totum
545 1174 734 1213 Numidae
768 1174 949 1225 sculptile
983 1174 1111 1213 dentis
1144 1185 1242 1224 opus
1259 1172 1285 1223 .]

250 1233 295 1272 At
327 1245 417 1272 cum
449 1233 635 1285 Tarpeias
668 1244 776 1271 esses
809 1232 1001 1271 deductus
1034 1234 1073 1271 in
1106 1245 1238 1284 arceS‚
1399 1241 1475 1272 (126)

184 1301 228 1332 30
308 1292 408 1331 Dum
442 1291 600 1331 caderet
631 1294 742 1330 iussu
774 1293 930 1330 victima
963 1303 1073 1330 sacra
1107 1296 1196 1342 tuo,

247 1351 307 1389 Me
341 1363 496 1402 quoque
531 1357 683 1389 secreto
717 1356 846 1401 grates
880 1349 953 1388 sibi
986 1362 1150 1401 magnus
1183 1355 1363 1400 agentem

307 1410 493 1448 Audisset
524 1410 650 1448 media
683 1411 750 1460 qui
783 1409 893 1448 sedet
926 1409 1018 1447 aede
1053 1409 1171 1447 deus.

248 1468 432 1519 Turaque
464 1474 595 1506 mente
629 1469 750 1518 magis
783 1467 920 1519 plena,
954 1479 1071 1518 quam
1102 1467 1241 1519 lance,
1277 1466 1475 1506 dedissem

308 1527 385 1565 Ter
419 1534 586 1578 quater,
619 1528 775 1578 imperii
806 1526 931 1565 laetus
964 1526 1111 1565 honore
1144 1527 1225 1565 tui.

184 1594 228 1625 35
249 1585 349 1624 Hinc
382 1598 452 1636 ego
486 1591 714 1636 praesentes
747 1587 850 1624 inter
883 1597 1113 1624 numerarer
1146 1586 1313 1637 amicos,

307 1644 414 1683 Mitia
446 1646 507 1683 ius
541 1644 722 1693 Urbissi
755 1643 869 1682 modo
903 1645 980 1683 fata
1012 1644 1173 1683 darent:

249 1703 435 1754 Quaeque
468 1703 564 1742 mihi
597 1703 676 1742 sola
710 1705 862 1754 capitur
895 1715 999 1742 nunc
1031 1708 1162 1741 mente
1194 1703 1396 1755 voluptas,

306 1762 418 1801 Tunc
451 1762 574 1801 oculis
607 1763 722 1801 etiam
755 1761 1008 1812 percipienda
1041 1762 1164 1801 soret.

247 1821 333 1860 Non
365 1823 416 1859 ita
450 1820 654 1860 caelitibus
687 1822 813 1859 visum
846 1826 933 1871 est,
968 1826 1006 1859 et
1038 1821 1202 1859 forsitan
1236 1822 1394 1871 aequis.

182 1887 227 1920 40
306 1880 402 1919 Nam
435 1879 529 1930 quid
562 1892 622 1918 me
655 1892 802 1931 poenae
837 1891 953 1918 causa
985 1885 1123 1930 negata
1155 1877 1296 1918 iuvet?

246 1938 376 1977 Mente
409 1945 567 1991 tamen,
601 1950 700 1990 quae
733 1938 813 1977 sola
844 1938 930 1977 loco
963 1951 1042 1977 non
1075 1939 1227 1990 exulat,
1259 1944 1371 1990 utar,

305 1997 551 2036 Praetextam
570 2029 580 2048 ‚
613 1998 738 2036 fasces
771 1999 1033 2048 aspiciamque
1066 2002 1178 2036 tuos.

246 2055 351 2095 Haec
383 2056 498 2094 modo
530 2061 568 2094 te
601 2056 745 2106 populo
779 2056 1009 2094 reddentem
1042 2056 1127 2094 iura
1162 2055 1328 2106 videbit,

305 2114 355 2153 Et
387 2127 428 2153 se
462 2117 626 2153 secretis
658 2115 779 2165 finget
810 2114 946 2152 adesse
979 2113 1098 2153 locis:

182 2182 226 2213 45
247 2173 358 2213 Nunc
390 2173 497 2225 longi
528 2173 679 2213 reditus
712 2174 845 2212 hastae
878 2185 1100 2224 supponere
1132 2173 1247 2212 lustri

306 2232 471 2284 Credet,
504 2239 543 2272 et
575 2239 708 2271 exacta
741 2238 882 2271 cuncta
913 2232 1042 2270 locare
1075 2231 1173 2271 fide:

246 2290 359 2330 Nunc
391 2292 519 2330 facere
552 2293 592 2330 in
624 2291 753 2330 medio
786 2291 998 2329 facundum
1030 2291 1146 2329 verba
1179 2296 1340 2343 senatu,

305 2349 466 2389 Publica
499 2355 752 2401 quaerentem
786 2349 879 2400 quid
910 2355 1018 2401 petat
1050 2349 1222 2390 utilitas:
