1570 2527
1337 52 1403 88 XV

64 169 199 204 tamen
241 166 479 215 ascripserat
523 161 641 203 ‘male
679 165 783 213 apud
823 159 975 203 Burm.'
1015 163 1151 202 inferti
1193 164 1287 213 quin
1325 165 1405 202 sint

65 236 112 261 ex
141 225 226 261 loco
257 224 442 262 inferiore
477 225 558 262 133
594 224 696 271 134,
728 222 890 260 dubium
920 234 999 260 non
1030 234 1116 260 esse
1146 225 1296 271 potest,
1329 222 1405 260 etsi

63 283 111 320 de
154 294 272 320 causa
312 295 392 321 non
428 283 545 331 plane
584 282 722 331 liquet.
795 281 939 319 absunt
978 281 1052 319 hoc
1093 281 1178 318 loco
1222 282 1263 318 in
1299 281 1402 319 codi-

63 341 174 379 cibus
205 341 412 379 minimum
443 341 613 390 quinque
644 352 723 378 non
754 339 1060 388 contemnendis,
1091 339 1196 377 inter
1220 351 1317 389 quos
1343 341 1405 378 est

65 399 99 437 G
125 399 272 449 Effisii,
306 400 372 449 qui
397 402 511 438 vetus
536 398 636 436 illud
660 398 829 448 paginae
851 394 914 448 (6)
936 398 1253 446 supplementum
1272 398 1404 447 habet,

63 458 168 507 quod
193 470 311 507 quam
336 458 505 495 maxime
532 458 698 495 disticho
728 458 808 495 133
840 457 922 494 134
948 456 1229 506 incommodat3
1258 456 1404 494 scilicet

62 516 155 565 quia
185 517 252 565 qui
281 517 516 563 fabricatus,
555 517 687 554 oculos
723 527 803 553 non
834 515 957 552 erexit
987 515 1028 552 in
1058 515 1243 564 paginam
1274 515 1403 564 proxi-

63 587 178 613 mam.
252 576 377 613 altero
428 574 567 612 deinde
617 574 890 623 supplemento
933 573 974 610 id
1017 573 1212 611 distichon
1254 574 1402 611 munie-

62 633 192 675 batur,
231 633 339 672 codd.
371 633 402 669 P
434 633 511 670 Ε11.
545 632 660 670 CDG
693 633 769 669 mei
802 632 1116 680 suppeditarunt,
1155 632 1258 681 quod
1290 632 1404 670 edidi.

63 693 106 729 at
148 690 180 727 F
217 690 293 729 ΕΠ.
331 691 364 728 Β
397 703 507 728 meus
551 702 687 728 rursus
724 690 765 727 id
809 690 1003 728 distichon
1042 691 1279 728 subnectunt
1316 703 1404 740 sup-

61 749 260 799 plemento
304 749 364 787 illi
409 750 538 787 Finiet
588 751 628 786 et
681 748 806 785 eidem
855 748 960 786 idem
1009 749 1173 798 habent,
1225 749 1258 785 B
1313 752 1405 798 post

63 822 98 847 v.
143 810 218 857 40,
267 808 298 846 F
342 810 433 857 post
474 809 540 846 38.
614 807 728 845 credo
780 808 933 845 secutos
979 808 1195 856 exemplar,
1244 808 1286 844 in
1328 821 1403 857 quo

62 867 265 905 diorthota
306 880 369 905 vv.
417 868 497 905 133
547 867 628 904 134
676 878 745 903 suo
789 866 875 903 loco
918 866 1074 914 punctis
1117 868 1186 903 aut
1222 867 1404 904 cancellis

61 928 219 964 notatos
257 925 359 963 circa
395 938 431 964 v.
466 926 522 963 40
559 925 601 961 in
637 924 814 974 margine
852 924 1156 973 perscripserat3
1196 925 1300 973 quod
1337 925 1404 962 1110

61 984 200 1033 voluit,
233 984 470 1022 examussim
502 983 680 1032 sequitur
705 983 753 1032 A,
785 983 852 1032 qui
882 995 961 1020 non
991 983 1068 1020 nisi
1098 984 1189 1032 post
1219 996 1256 1021 v.
1282 984 1339 1021 40
1364 983 1405 1020 id

63 1043 258 1081 distichon
294 1044 435 1080 habet?
501 1043 607 1080 solus
645 1042 765 1079 codex
803 1041 834 1078 T
873 1041 977 1079 inter
1014 1042 1198 1079 meliores
1235 1043 1404 1091 utroque

61 1102 164 1150 loco,
203 1105 244 1139 et
273 1101 492 1150 posteriore
525 1101 776 1138 subiunctum
809 1101 1082 1149 supplemento
1114 1099 1279 1147 Auferet
1308 1101 1404 1149 rell,

63 1160 246 1198 servavit.
320 1159 505 1198 credibile
537 1159 635 1196 mihi
667 1161 726 1197 est
758 1158 999 1196 diorthotam
1032 1171 1054 1196 a
1085 1159 1248 1197 lacunae
1281 1159 1404 1208 signo,

62 1219 166 1267 quod
201 1219 278 1256 fuit
314 1221 405 1267 post
440 1231 475 1256 v.
509 1220 582 1267 40,
619 1217 841 1267 profectum
878 1217 1217 1266 circumspexisse,
1255 1218 1405 1267 ecquid,

62 1276 166 1327 quod
202 1277 278 1315 huc
315 1277 544 1326 quadraret,
581 1277 623 1313 in
658 1276 846 1325 proximis
883 1276 973 1314 tolli
1004 1279 1155 1325 posset,
1193 1279 1234 1314 et
1270 1289 1406 1325 reppe-

60 1336 160 1373 risse
197 1336 319 1374 tertia
355 1335 495 1373 dehinc
536 1335 692 1385 pagina.
767 1335 808 1372 in
844 1335 1107 1373 fervidissimo
1145 1335 1213 1372 1110
1247 1334 1404 1372 exordio

62 1394 258 1432 distichon
289 1396 343 1432 43
372 1396 427 1432 44
459 1394 575 1431 nimis
609 1393 830 1431 solitarium
855 1405 917 1430 me
943 1393 1070 1430 iudice
1098 1394 1139 1429 et
1162 1393 1406 1442 incomptum

63 1453 234 1501 positum
266 1455 337 1490 est.

182 1510 366 1548 Ceterum
410 1510 536 1548 simile
582 1509 675 1559 quid
718 1512 875 1559 gestum
919 1509 1099 1547 fortassis
1142 1510 1182 1546 in
1228 1510 1406 1548 distichis

62 1571 146 1607 439
187 1571 272 1607 440
305 1571 345 1606 et
376 1570 458 1606 461
494 1570 590 1607 462.
664 1569 812 1606 habent
843 1569 938 1606 haec
970 1581 1077 1616 eum,
1115 1581 1191 1617 quo
1225 1569 1404 1618 eduntur,

62 1629 191 1666 locum
233 1627 274 1664 in
317 1627 425 1666 codd.
471 1626 547 1664 GP
591 1627 684 1674 Ell.,
725 1626 886 1664 DEFG
926 1626 1034 1664 meis.
1110 1629 1151 1664 at
1193 1627 1233 1665 in
1277 1627 1405 1664 THM

62 1687 136 1725 Ell.
182 1686 357 1735 meisque
401 1685 552 1734 aliquot
594 1685 826 1736 vulgaribus
871 1685 1077 1723 coniuncta
1121 1688 1258 1724 extant
1301 1686 1405 1724 inter

62 1759 123 1784 vv.
157 1746 239 1783 338
274 1747 313 1782 et
354 1746 450 1783 339.
520 1745 688 1793 utroque
726 1745 811 1782 loco
850 1744 997 1792 scripta
1036 1746 1126 1781 sunt
1163 1745 1205 1781 in
1235 1744 1403 1782 Franco-

61 1804 220 1842 furtano
246 1806 349 1841 teste
370 1803 521 1851 Ellisio,
546 1805 686 1840 neutro
711 1803 754 1840 in
772 1803 1067 1840 Vindobonensi
1092 1805 1196 1841 teste
1217 1803 1404 1852 Hauptio,

63 1863 167 1912 quod
199 1863 245 1900 de
274 1862 452 1900 Francof.
485 1874 639 1911 quoque
671 1861 857 1899 Heinsius
891 1861 1058 1910 scripsit.
1121 1861 1281 1899 eaedem
1312 1864 1405 1900 sunt

62 1921 351 1959 vicissitudines
394 1921 436 1958 in
479 1920 662 1970 disticho,
707 1920 810 1970 quod
854 1920 983 1958 editur
1022 1921 1103 1958 637
1146 1922 1228 1958 638
1275 1932 1320 1958 ex
1360 1921 1403 1968 T,

64 1979 131 2017 sed
168 1979 209 2016 in
239 1979 356 2016 PFH
394 1979 487 2027 Ell.,
528 1979 624 2017 meis
663 1979 739 2016 DE
777 1980 868 2028 post
898 1992 933 2017 v.
969 1979 1071 2026 339,
1109 1978 1150 2015 in
1182 1977 1265 2016 GM
1297 1981 1404 2016 utro-

63 2050 138 2087 que
186 2039 287 2088 loco,
337 2038 378 2075 in
421 2038 457 2075 A
500 2050 586 2076 meo
636 2039 777 2075 neutro
820 2038 977 2087 legitur.
1052 2036 1085 2074 si
1135 2038 1182 2074 de
1226 2037 1402 2075 distichis

65 2098 146 2135 339
177 2098 272 2145 340,
300 2098 381 2134 461
411 2098 494 2134 462
523 2096 694 2135 codicem
714 2096 748 2134 G
775 2097 986 2145 sequimur,
1019 2095 1241 2144 dispimctio
1266 2099 1403 2134 nostra

64 2155 297 2204 paginarum
331 2150 425 2208 (10)
459 2155 508 2192 ad
540 2150 634 2208 (15)
666 2167 762 2193 vera
794 2167 877 2192 esse
909 2154 1071 2203 poterit:
1110 2155 1142 2192 si
1175 2154 1206 2191 T
1240 2167 1401 2204 sequen-

64 2213 136 2250 dus
170 2214 232 2260 sit,
264 2214 338 2251 duo
360 2213 539 2262 disticha,
571 2214 713 2263 quibus
739 2227 776 2263 p.
796 2207 891 2265 (16)
919 2214 1100 2261 accrevit,
1134 2213 1401 2261 superioribus

65 2276 179 2310 erunt
217 2271 468 2311 detrahenda.
541 2273 689 2321 poterit
726 2272 991 2310 circumscribi
1031 2273 1110 2310 231
1155 2273 1254 2320 232,
1299 2272 1402 2321 quod
