1570 2527
162 139 244 184 156
701 145 767 176 EX
790 144 948 177 PoNTo

337 252 492 303 Credit,
525 257 563 290 et
588 251 677 302 ipsa
709 264 819 291 suam
850 253 980 291 nescia
1012 253 1106 290 vitat
1137 263 1276 303 opem.

276 309 450 349 Membra
482 310 739 349 reformidant
775 310 931 349 mollem
970 322 1126 361 quoque
1163 311 1293 349 saucia
1325 314 1494 350 tactum:

336 368 518 419 Vanaque
551 368 727 407 sollicitis
759 370 900 407 incutit
931 368 1069 407 umbra
1100 374 1270 407 metum.

218 435 259 466 15
281 426 345 465 Sic
378 438 449 476 ego
482 426 661 465 fortunae
694 427 780 465 telis
813 427 988 466 confixus
1020 427 1166 477 iniquis
1437 433 1495 466 (58)

336 484 500 523 Pectore
533 486 710 535 concipio
742 484 797 523 nil
827 486 904 523 nisi
934 486 1047 523 triste
1080 496 1189 524 meo,

278 542 356 581 Iam
389 543 483 582 mihi
516 543 591 582 fata
622 543 746 593 liquet
778 547 938 594 coeptos
971 544 1163 581 servantia
1195 554 1335 581 cursus

338 601 414 640 Per
446 601 520 639 sibi
552 606 759 640 consuetas
791 613 946 652 semper
977 603 1080 639 itura
1111 602 1214 639 vias:

279 658 496 698 Observare
528 659 651 708 deos,
683 659 828 710 nequid
860 659 956 698 mihi
988 658 1098 698 cedat
1130 660 1276 698 amice:

215 726 258 756 20
338 717 541 768 Verbaque
574 717 770 757 Fortunae
802 719 864 756 vix
894 723 990 769 puto
1021 729 1136 768 posse
1169 716 1275 755 dari.

277 775 348 815 Est
378 776 435 814 illi
466 788 582 815 curae
615 788 677 815 me
708 775 902 827 perdere.
959 787 1137 826 quaeque
1171 774 1320 813 solebat

337 834 434 873 Esse
466 835 591 886 levis,
624 841 805 873 constans
838 840 877 873 et
907 834 1007 872 bene
1040 839 1146 872 certa
1177 839 1318 872 nocet.

279 892 403 931 Crede
435 893 559 945 mihi,
592 894 625 931 si
657 905 743 932 sum
774 894 857 930 veri
889 892 958 930 tibi
991 892 1171 942 cognitus
1204 892 1306 942 oris,

337 951 417 989 Nec
449 951 587 1002 planus
618 953 658 989 in
691 952 835 989 nostris
868 950 1022 989 casibus
1055 962 1140 989 esse
1172 955 1313 1000 puter,

216 1017 258 1048 25
280 1009 490 1060 Cinyphiae
523 1011 666 1059 segetis
699 1011 814 1047 citius
845 1008 1069 1047 numerabis
1102 1009 1265 1059 aristas,

337 1067 500 1118 Altaque
533 1080 648 1118 quam
680 1067 813 1106 multis
844 1067 981 1106 floreat
1011 1066 1133 1117 Hybla
1164 1066 1328 1117 thymis:

279 1125 329 1164 Et
361 1132 457 1176 quot
488 1138 577 1164 aves
608 1127 724 1164 motis
757 1127 932 1163 nitantur
963 1127 1002 1163 in
1036 1128 1125 1163 aere
1157 1125 1320 1176 pennis,

340 1184 522 1234 Quotque
555 1189 690 1223 natent
720 1185 848 1234 pisces
881 1195 1050 1234 aequore
1069 1213 1079 1231 ‚
1112 1188 1245 1221 certus
1277 1183 1378 1233 eris,

281 1241 403 1287 Quam
435 1242 506 1280 tibi
537 1248 762 1281 nostrorum
795 1247 988 1280 statuatur
1021 1253 1171 1280 summa
1201 1240 1402 1292 laborum,

215 1309 259 1339 30
341 1300 447 1346 Quos
480 1313 551 1351 ego
584 1312 670 1339 sum
702 1306 806 1339 terra
825 1332 836 1353 ‚
869 1312 967 1351 quos
999 1311 1070 1350 ego
1102 1311 1241 1350 passus
1273 1310 1394 1350 aqua.

279 1359 391 1398 Nulla
424 1358 531 1397 Getis
562 1364 644 1397 toto
677 1370 772 1409 gens
805 1364 866 1397 est
896 1358 1158 1397 truculentior
1189 1356 1308 1396 orbe:

340 1417 415 1455 Sed
442 1422 572 1455 tamen
604 1417 644 1455 hi
675 1418 820 1455 nostris
852 1418 1078 1467 ingemuere
1110 1415 1243 1455 malis.

282 1475 388 1521 Quae
420 1475 491 1514 tibi
524 1477 557 1514 si
590 1477 752 1514 memori
785 1487 905 1514 coner
936 1473 1184 1526 perscribere
1216 1485 1355 1525 versu,

338 1533 426 1572 Ilias
459 1539 519 1572 est
550 1534 618 1572 fati
649 1533 762 1584 longa
794 1534 925 1572 sutura
957 1535 1055 1572 mei.

216 1600 259 1631 35
280 1592 364 1630 Non
396 1593 516 1642 igitur
547 1604 714 1643 vereor,
741 1593 830 1642 quia
862 1597 901 1630 te
932 1603 1021 1630 rear
1053 1603 1138 1630 esse
1171 1589 1407 1640 verendum,

339 1650 459 1689 Cuius
493 1662 601 1688 amor
632 1649 745 1688 nobis
776 1651 939 1701 pignora
974 1649 1075 1688 inille
1109 1649 1238 1688 dedit:

283 1707 358 1746 Sed
398 1710 488 1758 quia
525 1720 589 1746 res
630 1708 763 1746 timida
801 1714 860 1746 est
898 1709 1024 1746 omnis
1061 1709 1208 1758 miser,
1250 1712 1288 1745 et
1326 1707 1414 1756 quia

1006 1766 1121 1816 longo
1155 1770 1215 1803 est
1440 1772 1495 1804 (59)

339 1824 532 1875 Tempore
564 1823 731 1862 laetitiae
764 1825 877 1862 ianua
910 1823 1038 1862 clausa
1070 1835 1202 1861 meae.

281 1882 359 1921 Iam
392 1883 501 1921 dolor
532 1883 572 1921 in
605 1893 753 1920 morem
785 1883 892 1920 venit
922 1893 1062 1920 meus.
1117 1888 1240 1932 utque
1273 1880 1428 1919 caducis

216 1950 261 1980 40
339 1941 537 1980 Percussu
570 1939 709 1978 crebro
743 1952 831 1978 saxa
864 1946 1049 1978 cavantur
1081 1941 1214 1991 aquis,

283 1999 346 2038 Sic
379 2011 450 2049 ego
483 2000 668 2038 continuo
701 1998 879 2037 fortunae
912 1998 1096 2037 vulneror
1127 1999 1232 2049 ictu,

340 2057 489 2108 Vixque
522 2057 639 2095 habet
669 2058 710 2094 in
740 2056 853 2095 nobis
884 2058 960 2094 iam
992 2068 1090 2094 nova
1120 2055 1231 2107 plaga
1262 2055 1413 2094 locum.

280 2115 360 2154 Nec
392 2117 514 2166 magis
546 2115 702 2154 assiduo
734 2127 866 2153 vomer
898 2120 1082 2153 tenuatur
1114 2115 1160 2152 ab
1193 2125 1291 2165 usu,

339 2173 420 2212 Nec
452 2176 574 2225 magis
607 2178 667 2212 est
698 2174 828 2211 curvis
859 2172 981 2223 Appia
1013 2174 1103 2211 trita
1135 2173 1255 2222 rotis,

216 2239 259 2270 45
280 2232 444 2271 Pectora
477 2245 593 2283 quam
624 2243 710 2269 mea
742 2237 834 2270 sunt
864 2233 965 2269 serie
993 2229 1390 2269 caecata-malorum:

340 2290 389 2328 Et
420 2290 516 2328 nihil
547 2291 678 2329 inveni
697 2320 708 2341 ‚
739 2289 843 2339 quod
874 2288 969 2327 mihi
1001 2289 1123 2327 ferret
1154 2299 1290 2338 opem.

281 2347 442 2387 Artibus
474 2350 656 2399 ingenuis
690 2349 864 2398 quaesita
896 2353 956 2386 est
987 2346 1107 2398 gloria
1140 2345 1296 2385 multis:
