1570 2527
1254 75 1425 110 XXXVII

89 189 242 236 partem
267 187 412 226 veteris
432 187 532 225 sacri
552 186 734 235 servavit,
761 186 795 222 V
816 187 912 234 428,
938 186 1210 235 Februarium,
1237 187 1287 224 ad
1307 200 1423 235 quem

89 247 218 284 totum
237 247 486 294 translatum,
519 245 721 294 aliquanto
741 245 875 293 plures
900 245 1086 283 habuisse
1107 247 1271 293 oportet.
1348 246 1422 285 nisi

88 304 190 342 forte
221 306 338 354 poeta
368 304 450 354 ipse
476 304 648 342 incertus
679 303 818 352 haesit,
849 305 896 341 ut
920 303 981 340 III
1009 305 1103 352 792,
1135 316 1228 341 vero
1255 304 1421 342 similius

87 364 217 401 totum
248 375 438 412 mensem,
476 362 614 400 diebus
651 362 818 400 forsitan
849 362 1001 410 aliquot
1033 362 1220 411 exceptis,
1259 362 1421 400 deorum

87 420 301 459 inferorum
332 418 516 471 religioni
541 421 714 470 cessisse,
747 421 819 459 hoc
840 423 910 469 est,
943 420 992 458 ad
1019 420 1259 458 Terminalia
1284 433 1420 471 usque,

87 480 191 528 quod
221 479 263 517 II
290 481 344 518 50
375 480 560 529 legimus,
595 480 654 517 Tu
685 491 828 527 quoque
857 490 1072 522 sacrorum,
1107 480 1298 523 Termine,
1330 482 1421 526 fini-s

88 549 175 576 eras
213 540 253 576 et
290 539 382 576 olim
420 550 467 576 ex
498 538 724 586 Augustino
761 538 920 587 protuli.
994 539 1112 587 atque
1144 538 1206 576 hic
1237 538 1334 576 mihi
1365 539 1419 576 vi-

87 596 204 634 detur
234 597 297 635 ille
327 598 406 635 dies
439 596 645 645 570„VII
671 596 733 634 ΚΓ
761 597 888 646 Mart,
919 598 1009 645 post
1040 609 1158 645 quem
1188 599 1340 635 restant
1372 597 1418 634 de

86 666 219 691 mense
258 655 339 693 dies
378 655 558 704 quinque.
633 656 740 703 nolo,
774 655 893 704 quod,
932 667 1020 692 cum
1051 655 1267 693 bissextum
1300 656 1419 693 inter-

85 713 248 761 calatur,
281 712 362 750 dies
395 724 462 751 sex
493 715 596 761 sunt,
627 713 811 751 facetiam
836 715 975 761 poetae
1002 714 1209 762 imputare,
1243 714 1355 763 quasi
1380 714 1419 751 id

85 770 135 809 ad
159 783 345 809 versuum
371 783 531 809 suorum
554 770 698 819 pedum
725 770 932 809 discrimen
956 771 1168 809 rettulerit.
1244 772 1311 809 sed
1338 785 1419 810 cccr-

84 831 191 868 mina
216 831 309 867 sunt
334 829 446 878 elegi,
479 829 546 878 qui
571 842 714 867 nomen
738 829 885 867 habent
911 829 958 866 ab
987 830 1096 877 eleyo,
1128 830 1200 867 hoc
1227 833 1298 878 est,
1324 843 1416 878 pen-

84 889 271 926 tametro:
297 887 473 926 Diomed.
493 901 529 936 p.
551 889 647 936 503,
669 888 723 926 20
746 889 939 936 yeminum
965 899 1121 936 comma,
1147 888 1188 926 id
1212 891 1266 926 est
1284 889 1416 936 eloym».

83 945 140 984 ita
177 946 308 996 graeci
344 946 592 995 grammatici
629 948 734 984 certe
772 944 963 992 ἐλεγεῖον
1002 945 1048 983 de
1088 946 1255 984 disticho
1295 949 1334 985 et
1371 947 1416 984 de

84 1006 347 1053 pentametro:
367 1016 438 1042 nec
458 1005 620 1043 dubium
640 1004 743 1053 apud
759 1004 924 1043 Critiam
937 1005 984 1043 fr.
998 1013 1050 1042 111
1066 1006 1103 1044 3.
1175 1017 1275 1054 quae
1296 1005 1419 1054 igitur

83 1075 269 1101 versuum
299 1075 484 1101 mensura
513 1064 673 1112 propria
705 1063 876 1113 elegiaco
908 1063 1080 1111 carmini,
1112 1064 1208 1101 haec
1240 1066 1310 1101 est.

200 1117 306 1160 LIB.
338 1118 404 1159 III
427 1118 513 1160 229
546 1116 671 1172 DIEM,
704 1130 825 1168 QUAE
851 1130 1002 1160 PRIVA.
1075 1122 1168 1160 libri
1199 1122 1291 1159 boni
1324 1134 1419 1169 quae

79 1181 226 1228 prima,
264 1180 494 1229 interpolati
517 1183 753 1229 primasque.
827 1182 925 1219 diem
950 1182 1107 1228 privam
1138 1181 1419 1218 Matronalium

83 1237 262 1287 intellegi
304 1239 427 1287 volui,
472 1251 550 1288 qua
593 1241 678 1278 tota
721 1239 827 1277 solae
870 1240 1073 1276 matronae
1117 1239 1283 1277 feriatae
1329 1240 1417 1277 sint.

83 1295 165 1334 dies
192 1297 467 1336 Matraliorum
487 1297 547 1334 III
572 1297 628 1336 Id.
655 1297 739 1336 Iun.
771 1299 1050 1347 praeterquam
1076 1298 1214 1335 Matris
1240 1298 1417 1335 Matutae

84 1354 203 1392 etiam
233 1355 432 1394 Fortunae
463 1355 583 1394 ferias
614 1356 803 1404 habebat,
834 1356 875 1393 in
906 1355 966 1393 his
993 1368 1231 1405 quamquam
1258 1358 1297 1394 et
1322 1356 1418 1404 ipsis

82 1415 285 1451 matronae
316 1413 374 1451 VI
407 1415 486 1452 621
520 1414 789 1462 nominantur,
821 1416 954 1452 tamen
985 1416 1256 1451 matronarum
1288 1414 1418 1463 singu-

84 1470 177 1508 laris
211 1471 399 1521 dignatio,
431 1472 533 1521 quod
563 1484 703 1510 munus
735 1474 796 1510 est
827 1472 862 1508 V
885 1473 967 1510 190
1002 1471 1057 1509 VI
1079 1473 1173 1520 210,
1205 1475 1345 1510 neutro
1378 1473 1418 1510 111

84 1540 193 1567 sacro
231 1530 452 1568 denotatur.
524 1542 643 1568 versu
673 1530 849 1579 proximo
881 1531 970 1569 Hac
1000 1532 1091 1577 quia
1123 1530 1276 1579 scripsi,
1314 1531 1418 1579 quod

82 1587 124 1624 in
154 1587 264 1625 libris
298 1590 359 1626 est
389 1587 471 1626 Aut
501 1591 603 1636 quia,
635 1588 675 1626 in
700 1588 909 1626 Ursiniano
941 1589 1007 1626 Aoz
1032 1591 1134 1636 quia.
1208 1591 1304 1637 411,
1333 1591 1415 1627 412

83 1645 216 1694 spuria
252 1647 441 1695 putabam
478 1646 524 1684 de
551 1659 596 1684 eo
627 1659 787 1696 genere,
825 1660 900 1696 quo
939 1647 1169 1685 insolentior
1200 1647 1333 1696 aliqua
1364 1648 1418 1686 lo-

83 1703 188 1742 cutio
222 1705 413 1753 expletur.
486 1717 620 1744 ramus
652 1705 799 1743 dictum
829 1705 906 1743 fuit
937 1708 982 1744 ut
1012 1708 1115 1744 rami
1144 1706 1236 1744 Met.
1270 1706 1305 1742 V
1334 1708 1414 1745 299

80 1761 115 1799 Χ
148 1763 232 1801 510
259 1763 377 1813 Verg.
400 1762 498 1802 Aen.
524 1763 586 1801 III
614 1765 705 1802 650.
784 1765 866 1803 573
899 1777 979 1803 non
1010 1767 1100 1815 eget
1131 1764 1416 1814 emendatione,

79 1833 318 1870 quamquam
348 1822 593 1861 intellectum
618 1835 695 1860 non
720 1824 828 1871 puto.
902 1827 934 1862 et
957 1823 1253 1873 transpositum,
1284 1826 1331 1862 ut
1355 1824 1418 1861 III

81 1880 105 1917 8
140 1883 174 1918 et
202 1881 301 1928 quod
328 1882 496 1929 inermis,
521 1881 605 1919 IIII
632 1883 713 1920 699
742 1881 797 1919 Et
825 1885 951 1920 tamen
982 1884 1158 1930 assiduis,
1186 1883 1222 1920 V
1247 1883 1332 1921 400
1364 1883 1418 1920 Et

76 1939 192 1985 qemit
226 1937 397 1988 Alcides,
436 1939 553 1978 Trist.
587 1940 624 1977 V
655 1949 686 1978 X
720 1941 771 1978 27
806 1944 840 1978 et
870 1944 995 1980 tamen
1031 1943 1145 1980 intus.
1219 1945 1415 1984 servasset,

80 1996 162 2035 sine
195 1996 306 2046 signo
338 1997 432 2047 ullo,
465 2000 525 2037 est
556 1995 728 2038 eservare
760 1996 956 2048 debebat',
989 2002 1033 2038 ut
1053 1999 1173 2037 Trist.
1193 1999 1253 2037 III
1272 2008 1357 2037 XIII
1379 2001 1416 2039 8.

197 2052 283 2094 664
314 2065 362 2094 IN
394 2063 524 2096 SAcm
556 2065 750 2096 VERTICE
783 2066 954 2097 MONTIS
980 2066 1113 2097 EGET.
1187 2057 1279 2095 libri
1309 2070 1414 2096 mon-

78 2115 126 2152 tis
157 2117 250 2158 erat,
281 2117 418 2154 montis
443 2117 531 2154 abit.
605 2128 709 2165 eyere
732 2116 912 2154 absolute
939 2116 1098 2166 dictum,
1131 2128 1207 2165 quo
1233 2117 1415 2155 convenit

79 2172 182 2221 quod
213 2174 390 2223 sequitur
420 2186 580 2224 quoqu63
617 2177 797 2223 tempora
828 2175 1039 2213 verborum
1069 2175 1223 2214 variata
1253 2178 1300 2213 ut
1331 2175 1415 2213 IIII

80 2231 161 2269 696
192 2232 271 2270 697
294 2232 330 2269 V
353 2234 431 2271 131
464 2234 544 2272 132
573 2234 667 2272 Met.
691 2233 812 2271 XIIII
832 2234 917 2272 460
944 2235 1040 2272 462.
1191 2230 1274 2272 693
1302 2242 1414 2272 AMA-

77 2296 254 2339 TOREM,
287 2298 404 2330 CARA
436 2299 533 2331 EST.
606 2292 698 2330 libri
737 2295 944 2331 amatorem
982 2303 1113 2342 carae,
1157 2293 1272 2342 quod·
1292 2292 1414 2331 fuerit-
