1570 2527
172 111 255 151 296
710 110 964 142 FASTORUM

293 218 412 257 Terra
444 217 570 256 tribus
603 217 772 267 scopulis
805 209 1183 269 vastum'procurrit
1213 220 1253 258 in
1285 231 1430 270 aequor

201 286 268 316 420
350 277 576 327 Trinacris,
609 288 630 314 a
661 277 789 326 positu
823 287 963 314 nomen
996 276 1132 327 adepta
1164 277 1261 330 loci,

289 334 403 372 Grata
437 334 574 372 domus
606 333 766 372 Cereri.
824 333 963 373 multas
996 347 1038 373 ea
1070 335 1242 385 possidet
1274 335 1416 387 urbes,

348 392 388 430 ln
423 391 564 442 quibus
597 398 656 430 est
687 392 791 430 culto
824 392 964 430 fertilis
995 392 1129 432 Henna
1162 393 1264 433 solo.

289 450 441 500 Frigida
474 450 685 489 caelestum
717 456 860 488 matres
892 451 1082 489 Arethusa
1115 457 1291 490 vocarat:

346 508 513 547 Venerat
544 509 589 547 ad
624 520 752 547 sacras
785 514 822 547 et
855 508 924 546 dea
955 509 1049 547 flava
1080 509 1220 560 dapes.

201 576 266 605 425
288 566 381 605 Filia
400 598 412 618 ,
445 568 643 605 consuetis
676 572 718 605 ut
750 572 833 605 erat
864 568 1042 605 comitata
1075 567 1237 619 puellis,

348 625 514 664 Errabat
545 626 649 663 nudo
682 637 751 676 per
783 637 850 663 sua
883 631 991 675 prata
1024 625 1145 675 pede.

288 683 390 721 Valle
424 683 495 721 sub
528 683 710 722 umbrosa
742 683 851 721 locus
883 689 942 722 est
973 685 1176 734 aspergine
1208 683 1327 722 multa

351 741 494 780 Uvidus
527 754 571 780 ex
605 742 680 780 alto
713 741 928 780 desilientis
960 753 1102 792 aquae.

288 800 363 838 Tot
394 800 549 839 fueraut
580 800 657 838 illic
677 831 687 851 ,
720 805 815 850 quot
846 799 962 838 habet
994 806 1131 838 natura
1150 831 1160 851 ,
1193 800 1365 852 colores,

201 867 268 898 430
347 858 533 908 Pictaque
567 858 744 896 dissimili
775 858 869 896 ssore
903 858 1050 896 nitebat
1082 859 1244 897 humus,

289 916 412 961 Quam
445 916 561 954 simul
593 918 770 968 aspexit,
804 913 1015 968 ‘comites‚
1047 917 1219 955 accedite
1241 913 1273 955 2⁹
1306 917 1402 955 dixit

349 972 417 1012 ‘Et
450 987 601 1013 mecum
633 974 768 1025 plenos
800 974 895 1012 ssore
928 975 1071 1013 referte
1105 971 1260 1014 sinusl’

289 1033 436 1071 Praeda
469 1033 662 1084 puellares
694 1034 841 1070 animos
874 1032 1064 1083 prolectat
1095 1034 1244 1085 inanis,

348 1091 396 1129 Et
428 1104 505 1129 non
538 1092 705 1129 sentitur
738 1091 940 1128 sedulitate
973 1090 1103 1129 labor.

201 1158 268 1188 435
289 1149 391 1187 Haec
424 1149 558 1199 implet
590 1149 693 1186 leuto
727 1148 896 1186 calathos
929 1161 948 1188 e
980 1150 1122 1186 vimine
1155 1160 1297 1200 nexos,

349 1207 451 1245 Haec
485 1208 705 1257 gremium,
738 1206 844 1245 laxos
876 1207 1055 1257 degravat
1088 1206 1150 1245 illa
1183 1208 1314 1246 sinus.

291 1265 354 1303 [lla
389 1266 481 1316 legit
512 1265 657 1303 calthas
676 1296 686 1316 ‚
719 1265 810 1302 huic
843 1271 934 1303 sunt
964 1265 1120 1303 violaria
1152 1277 1291 1316 curae,

348 1324 412 1361 llla
446 1335 680 1374 papavereas
713 1323 893 1361 subsecat
925 1336 1054 1374 ungue
1087 1335 1240 1362 comas:

290 1381 396 1432 Has,
428 1381 633 1432 hyacinthe
653 1412 663 1432 ‚
696 1387 834 1432 tenes3
866 1381 949 1419 illas
969 1413 979 1432 7
1012 1387 1207 1420 amarante
1227 1412 1237 1432 ,
1269 1382 1456 1420 moraris:

201 1449 268 1479 440
349 1439 442 1477 Pars
475 1440 633 1490 thyma,
666 1451 756 1490 pars
788 1441 927 1478 casiam
948 1471 958 1491 ‚
996 1451 1085 1490 pars
1124 1440 1320 1478 meliloton
1352 1445 1501 1478 amant.

289 1497 459 1536 Plurima
498 1498 596 1536 lecta
634 1509 721 1535 rosa
761 1503 848 1549 est3
888 1504 979 1536 sunt
1017 1503 1055 1536 et
1086 1499 1169 1536 sine
1202 1499 1356 1536 nomine

1015 1556 1154 1595 ssores.

348 1615 433 1666 Ipsa
468 1626 603 1653 crocos
638 1620 775 1653 tenues
807 1614 961 1664 liliaque
994 1614 1078 1652 alba
1110 1614 1224 1665 legit.

292 1673 484 1724 Carpendi
517 1673 644 1711 studio
678 1672 859 1723 paulatim
892 1673 1045 1723 longius
1077 1674 1179 1723 itur,

348 1731 396 1769 Et
429 1732 623 1769 dominam
656 1743 747 1769 casu
780 1730 883 1768 nulla
916 1737 1047 1769 secuta
1081 1743 1233 1769 comes.

203 1799 269 1828 445
291 1789 398 1828 Hanc
430 1789 533 1827 videt
565 1794 604 1827 et
635 1791 754 1826 visam
786 1794 949 1838 patruus
980 1788 1165 1826 velociter
1197 1789 1345 1839 aufert,

349 1848 559 1898 Regnaque
593 1846 782 1885 caeruleis
814 1848 853 1884 in
887 1858 954 1884 sua
987 1851 1117 1896 portat
1148 1848 1281 1896 equis.

292 1906 356 1944 Illa
389 1906 546 1956 quidem
579 1904 767 1943 clamabat
798 1901 854 1942 ‘io
874 1935 884 1955 ,
917 1906 1114 1942 carissima
1147 1909 1292 1955 mater,

349 1965 516 2002 Auferor
537 1960 566 2001 l'
600 1964 682 2014 ipsa
715 1975 806 2001 suos
839 1962 1134 2012 abscideratque
1167 1964 1299 2001 sinus:

293 2023 479 2061 Panditur
511 2023 660 2059 interea
692 2021 768 2059 Diti
799 2023 887 2071 via,
919 2033 1084 2071 namque
1118 2021 1302 2058 diurnum

204 2089 270 2119 450
351 2080 499 2119 Lumen
532 2080 726 2118 inadsueti
757 2080 818 2117 vix
851 2081 1052 2130 patiuntur
1085 2080 1196 2129 equi.

292 2140 341 2177 At
373 2139 516 2177 chorus
548 2138 747 2189 aequalis,
781 2137 996 2176 cumulatae
1029 2137 1123 2174 ssore
1157 2137 1378 2187 ministrae,

352 2195 622 2247 ‘Persephone
643 2193 675 2247 ‚'
708 2195 874 2234 clamant
906 2192 972 2233 ‘ad
1007 2201 1070 2233 tua
1102 2195 1200 2233 dona
1232 2191 1363 2233 venil'

293 2254 341 2293 Ut
373 2255 532 2293 clamata
565 2254 681 2305 silet,
714 2260 864 2292 montes
896 2253 1107 2292 ululatibus
1138 2252 1322 2304 implent,

350 2312 400 2351 Et
431 2314 578 2351 feriunt
608 2317 776 2350 maestae
808 2316 966 2362 pectora
999 2310 1100 2349 nuda
1133 2322 1294 2348 manus,
