1570 2527
535 134 596 168 IV.
622 141 702 167 xm
723 136 914 167 36—XI111
934 135 989 167 53.
1351 131 1435 173 209

213 244 316 294 Ergo
349 255 419 294 ego
453 242 613 282 cessabo
646 255 861 294 numquam
891 255 963 294 per
994 244 1166 281 carmina
1198 241 1324 293 laedi,

270 302 426 341 Plectar
459 307 498 340 et
529 303 685 340 incauto
719 314 874 353 semper
908 301 953 340 ab
987 299 1178 352 ingenio?

213 361 316 412 Ergo
349 372 449 412 ego,
482 373 530 399 ne
563 360 732 399 scribam
752 391 762 411 ,
795 361 937 410 digitos
969 361 1142 399 incidere
1177 365 1365 411 cunctor,

150 428 197 459 20
275 419 446 470 Telaque
479 419 605 458 adhuc
637 419 828 471 demens,
861 431 959 470 quae
992 431 1194 470 nocuere,
1227 415 1408 469 sequor?

214 477 272 517 Ad
304 483 458 516 veteres
491 478 673 529 scopulos
705 480 848 516 iterum
882 478 1065 516 devertor
1098 483 1137 517 et
1168 478 1275 529 illas,

274 536 317 575 In
351 536 494 587 quibus
526 537 688 576 offendit
719 537 906 587 naufraga
938 538 1080 587 puppis
1100 568 1110 588 ,
1144 533 1297 588 aquas?

216 595 292 634 Sed
326 595 422 633 nihil
455 595 622 635 admisi:
669 595 773 634 nulla
807 601 865 634 est
898 607 982 633 mea
1015 595 1126 647 culpa
1147 628 1157 647 ‚
1189 595 1387 645 Tomitae,

276 653 383 699 Quos
416 667 487 706 ego
507 686 517 706 ,
550 667 639 694 cum
671 655 754 693 loca
787 655 860 693 sim
893 661 1022 693 vestra
1054 666 1250 706 perosus,
1283 665 1390 692 amo.

151 722 194 752 25
219 712 393 759 Quilibet
424 715 596 752 excutiat
628 715 754 752 nostri
787 715 1023 751 monimenta
1056 713 1227 753 laboris:

274 771 423 810 Littera
456 772 502 810 de
538 772 644 810 vobis
677 778 736 810 est
768 784 851 810 mea
886 778 1024 823 questa
1056 772 1174 810 nihil.

216 830 357 880 Frigus
391 835 429 868 et
462 832 647 869 incursus
680 831 785 868 omni
817 830 863 868 de
896 836 1006 881 parte
1040 830 1233 869 timendos

276 888 325 927 Et
357 889 461 940 quod
493 889 673 940 pulsetur
705 901 842 927 murus
876 888 922 926 ab
955 889 1096 940 hoste,
1130 901 1297 940 queror.

214 947 260 987 Jn
291 947 405 998 loca,
438 959 516 986 non
549 948 756 999 homines,
789 948 991 986 verissima
1024 949 1187 986 crimina
1220 947 1321 985 dixi.

155 1015 199 1047 30
279 1005 453 1057 Culpatis
487 1012 662 1045 vestrum
694 1018 760 1044 vos
794 1018 950 1057 quoque
984 1018 1098 1057 saepe
1132 1006 1280 1045 solum.

175 1069 183 1074 ⁴
217 1064 332 1103 Esset
363 1071 555 1116 perpetuo
589 1077 657 1104 sua
691 1077 807 1116 quam
839 1064 1007 1103 vitabilis
1040 1066 1186 1117 Ascre,
1367 1073 1440 1103 (141)

278 1124 381 1162 Ausa
414 1130 474 1163 est
506 1124 695 1175 agricolae
728 1123 838 1162 Musa
871 1123 1012 1162 (locere
1046 1126 1175 1176 senis,

220 1182 269 1221 Et
301 1182 429 1221 fuerat
460 1184 615 1233 genitus
648 1188 754 1221 terra
774 1214 784 1233 ,
818 1184 885 1233 qui
918 1184 1104 1235 scripsit,
1136 1185 1176 1221 in
1209 1182 1295 1221 illa:

276 1241 467 1280 Intumuit
500 1243 576 1280 vati
607 1254 679 1280 nec
712 1248 841 1280 tamen
873 1242 993 1279 Ascra
1026 1254 1119 1280 suc.

155 1309 198 1341 35
221 1300 317 1346 Quis
348 1302 516 1351 patriam
549 1300 706 1339 sollerte
740 1301 861 1350 magis
895 1300 1029 1338 dilexit
1061 1298 1205 1339 Ulixe?

277 1358 360 1397 Hoc
393 1364 522 1397 tamen
555 1361 745 1409 asperitas
777 1358 905 1397 indice
939 1363 1029 1396 nota
1061 1358 1135 1397 loci
1168 1364 1250 1397 est.

218 1418 304 1457 Non
335 1417 443 1468 loca,
483 1418 551 1457 sed
583 1430 714 1456 mores
747 1419 905 1468 scriptis
940 1419 1088 1455 vexavit
1119 1419 1261 1455 amaris

281 1476 466 1527 Scepsius
500 1477 724 1528 Ausonios,
757 1482 919 1526 actaque
953 1475 1074 1514 Roma
1105 1488 1172 1514 rea
1205 1481 1287 1514 est:

221 1535 331 1574 Falsa
363 1541 493 1573 tamen
526 1548 639 1586 passa
672 1540 732 1574 est
763 1547 884 1585 aequa
917 1536 1091 1573 convicia
1123 1541 1276 1586 mente,

156 1603 200 1634 40
263 1593 399 1633 Obsuit
431 1595 582 1632 auctori
614 1606 686 1632 nec
718 1595 800 1632 fera
832 1593 963 1643 lingua
996 1605 1090 1631 suo.

221 1653 270 1691 At
303 1652 425 1691 malus
457 1654 654 1704 interpres
686 1652 821 1704 populi
852 1652 947 1690 mihi
979 1653 1150 1690 concitat
1181 1653 1302 1703 iram,

280 1711 402 1762 Inque
435 1724 579 1750 novum
612 1712 761 1750 crimen
794 1712 966 1750 carmina
998 1717 1131 1749 nostra
1164 1715 1296 1749 vocat.

221 1770 316 1809 Tam
348 1770 439 1809 felix
472 1772 649 1821 utinam,
683 1782 798 1821 quam
830 1775 991 1821 pectore
1024 1769 1213 1808 candidus
1246 1768 1396 1808 essem!

279 1828 396 1868 Extat
426 1829 552 1868 adhuc
584 1841 698 1868 nemo
732 1830 888 1868 saucius
921 1840 988 1867 ore
1022 1840 1130 1867 meo.

157 1897 201 1928 45
221 1888 328 1927 Adde
348 1920 359 1940 ,
392 1888 495 1939 quod
528 1888 679 1939 Illyrica
713 1890 745 1926 si
776 1889 853 1926 iam
884 1888 971 1938 pice
1005 1888 1154 1938 nigrior
1187 1899 1338 1939 essem,

282 1947 366 1985 Non
400 1947 613 1986 mordenda
645 1947 740 1985 mihi
772 1946 888 1985 turba
920 1945 1044 1984 fidelis
1078 1951 1184 1985 erat.

222 2005 389 2044 Molliter
422 2018 442 2044 a
474 2005 582 2044 vobis
616 2018 699 2044 mea
732 2017 818 2044 sors
852 2011 1041 2056 excepta,
1074 2004 1273 2056 Tomitae,

281 2064 376 2102 Tam
409 2066 523 2103 mites
556 2064 692 2103 Graios
723 2064 869 2102 indicat
901 2075 986 2102 esse
1020 2064 1145 2102 viros.

224 2123 326 2162 Gens
359 2135 443 2161 mea
476 2123 648 2174 Paeligni
679 2124 865 2174 regioque
899 2121 1111 2160 domestica
1146 2121 1279 2160 Sulmo

158 2191 202 2221 50
281 2181 366 2220 Non
398 2185 525 2233 potuit
558 2183 702 2221 nostris
734 2181 860 2220 lenior
893 2193 978 2219 esse
1011 2180 1143 2218 malis.

224 2240 348 2286 Quem
381 2243 441 2279 vix
474 2241 660 2280 incolumi
694 2241 875 2291 cuiquam
909 2239 1091 2290 salvoque
1125 2238 1299 2291 daretis,

283 2299 318 2338 Is
351 2299 464 2338 datus
497 2313 517 2339 a
549 2300 658 2338 vobis
692 2306 751 2338 est
783 2299 877 2337 mihi
911 2310 1036 2349 nuper
1069 2298 1216 2336 honor.

226 2358 339 2397 Solus
372 2358 497 2398 adhuc
531 2371 601 2409 ego
635 2371 724 2397 cum
757 2358 896 2397 vestris
929 2358 1099 2396 inmunis
1132 2358 1172 2395 in
1204 2357 1308 2409 oris,
1370 2364 1445 2395 (142)

176 2430 281 2457 (ΝΠ).
317 2432 374 2459 ΠΙ,
1192 2427 1235 2457 14
