1570 2527
193 107 277 142 XVI

194 217 355 256 Heinsio
381 217 531 267 pridem
558 217 773 266 displicuit,
799 219 839 256 et
857 217 1023 267 paginae
1044 219 1214 267 quinque
1233 218 1406 267 produci,
1438 220 1525 257 tum

195 277 277 314 337
313 277 408 325 338,
440 288 536 325 quos
568 275 805 313 Schraderus
839 278 1038 324 suspectos
1070 276 1253 325 habebat,
1286 272 1447 314 ‘tamen'
1479 279 1525 315 ut

194 329 296 372 ‘eiici
326 334 391 372 vix
421 329 550 383 posse'
582 335 750 382 putaret.
825 334 891 371 sed
923 334 989 383 qui
1019 334 1290 383 interpolavit,
1323 334 1363 371 id
1393 335 1524 383 ipsum

199 392 401 440 spectavit,
433 404 480 429 ne
515 391 634 439 thue
664 405 699 430 v.
727 392 809 430 335
843 392 925 429 sine
958 393 1119 441 apodosi
1144 394 1260 441 esset,
1291 405 1366 442 quo
1392 395 1526 430 tamen

192 450 291 487 nihil
333 450 576 499 frequentius
619 450 660 486 in
702 450 883 489 carmine.
957 451 1131 488 scholion
1177 451 1278 500 quod
1322 453 1383 488 est
1420 451 1524 499 apud

195 508 396 556 Ellisium,
434 509 509 546 Ista·
546 509 619 545 duo
650 520 782 546 versus
820 510 1109 555 correspondent
1137 509 1240 558 rell,
1277 511 1409 557 potest
1439 521 1525 547 esse

194 566 292 615 eius,
326 567 392 616 qui
417 566 463 603 de
483 566 639 604 distichi
657 566 731 603 fide
752 566 960 603 dubitaret.
1034 566 1358 615 interpolatorem
1379 567 1525 604 scholia

196 637 274 661 non
305 625 446 673 legisse
474 626 640 673 oportet,
666 636 764 673 quae
790 636 877 661 cum
897 623 1116 662 Heraclidis
1143 623 1191 662 de
1210 627 1336 662 morte
1356 625 1526 663 adulteri

192 683 418 720 testimonio
451 682 686 731 conspirant.

311 741 415 778 Satis
448 743 508 778 est
540 740 723 778 credibile
755 741 849 779 haec
882 741 1066 790 disticha,
1105 741 1169 779 vel
1205 741 1239 779 si
1271 741 1404 790 spuria
1435 741 1524 790 sint,

193 801 238 836 ut
270 799 485 837 Schradero
523 799 669 847 visum,
710 799 838 847 priore
876 799 959 837 loco
1000 799 1204 837 coniuncta
1233 799 1372 848 fuisse,
1409 812 1525 848 quem

193 857 403 894 admodum
446 857 651 895 historiam
695 859 902 906 utramque
943 858 1046 906 apud
1083 856 1283 906 Ovidium,
1327 857 1524 906 Senecam,

193 915 290 952 alios
327 916 511 964 usurpari
557 916 688 953 docuit
730 915 890 952 Ellisius
928 928 963 963 p.
1000 917 1098 954 139:
1143 915 1246 964 quod
1282 917 1390 963 ferox
1420 915 1525 953 intra

195 986 332 1011 versus
366 976 516 1022 septem
553 974 735 1021 recurrit,
772 986 850 1010 non
881 975 941 1011 est
976 974 1096 1022 tanti,
1134 975 1179 1011 ut
1215 974 1437 1023 corrigatur
1473 974 1525 1012 ad

195 1032 416 1080 exemplum
447 1031 545 1069 illud
569 1032 729 1070 Metam.
756 1032 813 1069 VI
834 1032 915 1070 556
949 1033 1120 1079 linquam
1146 1033 1299 1070 abstulit
1324 1044 1409 1070 ense
1432 1033 1523 1080 fero.

192 1090 434 1138 transposita
464 1090 504 1127 in
528 1091 632 1128 locos
657 1090 893 1138 posteriores
919 1102 987 1127 cur
1012 1090 1101 1138 sint,
1126 1082 1279 1128 facilius
1304 1089 1523 1138 intellegas,

194 1160 311 1196 quam
342 1148 534 1196 quomodo
566 1147 654 1185 inde
681 1149 721 1185 in
746 1149 920 1197 priorem
945 1148 1252 1197 commigrarint.
1325 1148 1524 1186 diorthota

194 1206 269 1243 duo
301 1208 406 1244 certe
438 1205 604 1244 disticha
636 1207 770 1255 spuria
801 1206 987 1255 repperit,
1018 1207 1187 1244 alterum
1216 1206 1289 1244 hoc
1316 1207 1398 1244 337
1428 1207 1524 1254 338,

194 1265 363 1302 alterum
401 1264 498 1302 illud
533 1266 613 1302 637
650 1266 749 1312 638,
788 1265 834 1302 de
873 1277 948 1313 quo
981 1264 1220 1302 Schraderus
1253 1260 1408 1302 ‘melius
1445 1264 1523 1302 for*

193 1324 300 1360 tasse
327 1322 464 1360 aberit.
497 1322 609 1371 quasi
633 1323 706 1360 hoc
733 1323 926 1360 crudelius
953 1323 1132 1360 omnibus
1159 1322 1408 1371 supplicium!
1446 1334 1526 1360 non

195 1381 248 1418 sic
284 1381 502 1428 ineptiebat
540 1376 728 1419 Ovidius’.
801 1383 1014 1429 potuerunt
1051 1380 1092 1417 in
1129 1381 1304 1429 margine
1335 1380 1525 1429 perscribi

194 1439 451 1476 exadversum
482 1439 563 1485 illa,
602 1438 722 1486 thue
753 1439 849 1487 rell.,
881 1438 962 1476 Aut
992 1442 1033 1476 ut
1057 1439 1140 1476 rell.
1189 1439 1235 1476 de
1268 1451 1314 1476 ea
1345 1432 1524 1488 congerie

194 1497 299 1534 omni
331 1496 534 1534 arbitrium
570 1497 692 1534 semel
722 1497 886 1534 factum:
921 1498 1003 1535 337
1031 1498 1113 1534 338
1142 1497 1271 1534 omitti
1301 1509 1379 1534 non
1408 1509 1524 1545 posse

196 1555 333 1603 visum,
375 1557 455 1593 637
493 1556 574 1593 638
607 1555 647 1592 in
680 1566 769 1592 eum
805 1556 934 1592 locum
967 1555 1205 1604 ablegatum,
1243 1555 1304 1592 cui
1334 1554 1420 1603 ipsa
1450 1555 1526 1592 De-

192 1615 306 1660 nique
335 1613 475 1650 vocula
504 1612 714 1650 videbatur
745 1613 959 1662 adsignari:
993 1613 1069 1650 duo
1101 1613 1170 1650 illa
1201 1612 1325 1650 didita
1363 1614 1454 1650 sunt
1484 1613 1525 1650 in

193 1671 375 1720 paginas,
417 1682 515 1719 quae
554 1673 645 1718 post
677 1671 877 1719 suppletas
908 1671 987 1708 iam
1019 1665 1114 1722 (17)
1148 1665 1243 1722 (18)
1277 1665 1372 1722 (19)
1406 1670 1523 1708 detri-

193 1730 316 1767 menti
348 1729 459 1779 signa
490 1729 710 1766 servabant.

311 1787 357 1825 Id
382 1787 458 1824 nisi
483 1787 632 1824 factum
658 1789 773 1835 esset,
799 1787 839 1825 in
864 1787 1029 1825 decursu
1048 1799 1233 1825 versuum
1253 1788 1336 1826 419
1364 1787 1414 1825 ad
1440 1789 1522 1826 509

193 1846 429 1895 paginarum
466 1845 689 1883 discrimina
725 1845 802 1883 tria
840 1846 1057 1894 quaesituri
1098 1858 1269 1894 eramus,
1310 1858 1381 1884 nec
1418 1847 1525 1884 certa

194 1904 268 1941 fide
311 1904 520 1941 inventuri.
593 1916 760 1952 namque
798 1903 1028 1953 etiamnum,
1071 1904 1303 1953 paginarum
1347 1899 1441 1955 (22)
1485 1905 1526 1941 et

196 1957 290 2014 (23)
331 1962 433 2012 quod
476 1962 612 2011 fuerit,
660 1962 903 2011 ignoramus,
952 1962 1053 2011 quod
1096 1962 1225 2010 posui,
1270 1962 1373 2010 quod
1416 1961 1525 2000 disti-

194 2021 294 2058 chon
320 2020 478 2063 seclusi,
510 2020 885 2058 commendationem
909 2033 987 2058 non
1011 2021 1140 2058 habet.
1214 2033 1292 2058 non
1317 2020 1462 2068 ubique
1484 2019 1525 2057 in

194 2081 380 2127 promptu
412 2080 472 2116 est
504 2079 551 2115 de
583 2079 637 2116 eis
668 2078 850 2126 iudicare,
883 2091 981 2127 quae
1013 2081 1170 2127 praeter
1201 2090 1424 2115 mensuram
1455 2090 1522 2126 pa-

193 2136 376 2185 ginarum
419 2137 623 2186 archetypi
671 2137 895 2175 institutam
945 2137 1096 2174 adiecta
1139 2138 1240 2175 sunt.
1309 2138 1525 2184 potuerunt

196 2207 251 2238 ea,
286 2194 318 2232 si
348 2194 429 2232 fors
462 2195 596 2243 ferret,
629 2207 676 2232 ex
705 2195 947 2244 marginibus
981 2194 1186 2243 archetypi
1210 2194 1333 2243 ipsius
1361 2194 1524 2243 sublegi,

194 2265 319 2301 neque
350 2253 519 2290 multum
551 2252 706 2291 differre
738 2254 786 2291 ab
820 2253 886 2301 eis,
927 2265 1025 2302 quae
1057 2253 1098 2289 in
1127 2252 1195 2289 illo
1227 2252 1454 2290 iamdudum
1484 2252 1525 2289 in

195 2311 371 2348 ordinem
419 2313 575 2359 recepta
628 2312 761 2360 spuria
814 2311 958 2350 insunt.
1033 2323 1104 2348 nec
1152 2310 1193 2347 in
1246 2310 1319 2348 hoc
1367 2309 1525 2359 quidem
