1570 2527
151 143 237 185 220
691 144 945 177 FASTORUM

268 252 450 292 Nondum
482 251 675 291 Iustitiam
707 252 856 292 facinus
889 252 1050 292 mortale
1085 253 1257 304 fugarat:

181 319 248 351 250
327 311 467 349 Ultima
499 309 546 349 de
579 312 733 362 superis
764 311 827 349 illa
859 311 1017 362 reliquit
1048 311 1233 350 humum:

270 369 426 419 Proque
458 374 565 407 metu
597 368 785 420 populum
818 370 901 408 sine
934 372 970 408 vi
1001 370 1128 420 pudor
1158 371 1242 421 ipse
1274 369 1455 422 regebat,

326 427 464 465 Nullus
497 433 580 466 erat
610 429 724 466 iustis
756 428 920 466 reddere
953 429 1038 466 iura
1069 428 1199 467 labor.

266 485 328 524 Nil
359 485 454 524 mihi
486 498 574 524 cum
607 485 732 524 bello:
775 498 910 537 pacem
942 493 1152 537 postesque
1185 486 1324 525 tuebar

325 541 418 595 Et‚'
452 544 598 583 clavem
630 543 870 596 ostendens,
905 541 1042 583 ‘haec'
1075 546 1128 583 ait
1160 541 1286 583 earma
1317 543 1454 596 ger0.'

181 610 246 642 255
268 601 473 641 Presserat
504 615 571 641 ora
604 602 730 641 deus.
786 608 879 641 tunc
913 605 968 641 sic
1001 614 1071 654 ego
1104 608 1237 642 nostra
1269 603 1434 656 resolvi,

327 659 429 699 Voce
461 673 545 699 mea
578 673 691 700 voces
724 660 902 700 eliciente
936 661 1022 700 dei:

268 716 387 758 ‘Cum
421 724 478 758 tot
511 721 588 758 sint
619 719 699 758 Iani
718 751 729 772 ‚
761 731 832 758 cur
864 725 941 758 stas
975 725 1150 759 sacratus
1181 721 1222 758 in
1252 732 1354 771 uno,

326 777 398 816 Hic
430 777 497 816 ubi
529 779 662 817 iuncta
694 778 789 817 foris
821 778 962 829 templa
996 778 1149 817 duobus
1180 778 1299 817 habes
1313 776 1354 817 ‘?'

267 835 333 875 Ille
366 848 484 875 manu
517 836 693 875 mulcens
725 849 936 888 propexam
968 837 1015 875 ad
1047 843 1205 888 pectora
1237 836 1419 889 barbam,

180 903 247 934 260
326 895 512 933 Protinus
545 894 692 933 Oebalii
724 895 875 934 rettulit
906 907 1011 934 arma
1043 895 1153 946 Tati,

267 952 394 1003 thue
426 952 522 991 levis
555 959 687 992 custos
707 984 718 1004 ‚
750 953 909 992 armillis
943 959 1051 1005 capta
1070 984 1081 1005 ‚
1115 953 1278 993 Sabinos

325 1011 382 1050 Ad
415 1023 588 1050 summae
620 1013 758 1050 tacitos
791 1012 946 1051 duxerit
977 1014 1078 1051 arcis
1108 1014 1207 1050 iter.

269 1066 413 1122 ²lnde,
451 1069 556 1109 velut
587 1082 692 1109 nunc
725 1075 811 1122 est,
850 1082 920 1121 per
959 1082 1075 1121 quem
1113 1067 1394 1123 descenditiS‚’

992 1130 1120 1179 inquit

327 1183 497 1225 ‘Arduus
529 1187 568 1224 in
601 1185 717 1225 valles
749 1198 820 1237 per
853 1187 935 1225 fora
968 1187 1090 1226 clivus
1123 1193 1228 1228 erat.

180 1252 247 1284 265
269 1244 318 1283 Et
349 1246 424 1283 iam
457 1246 673 1295 contigerat
703 1250 855 1296 portam
874 1276 884 1296 ‚
919 1245 1098 1284 Saturnia
1131 1248 1242 1285 cuius

323 1302 553 1353 Dempserat
584 1305 782 1354 oppositas
812 1303 997 1342 insidiosa
1029 1316 1158 1343 seras.

267 1361 364 1400 Cum
397 1367 503 1400 tanto
536 1363 683 1400 veritus
716 1364 960 1400 committere
994 1364 1152 1401 numine
1183 1375 1374 1416 pugnam,

323 1420 410 1471 Ipse
443 1431 551 1458 meae
584 1421 685 1458 movi
717 1420 878 1459 callidus
910 1422 1004 1460 artis
1037 1433 1159 1472 opuS,

265 1477 420 1529 Oraque
439 1509 449 1529 ,
482 1489 556 1529 qua
590 1478 739 1528 pollens
772 1491 844 1530 ope
878 1491 962 1518 sum
982 1510 993 1530 ,
1025 1480 1181 1518 fontana
1212 1479 1378 1533 reclusi,

177 1544 244 1576 270
325 1536 500 1587 Sumque
531 1538 756 1588 repentinas
789 1538 1001 1576 eiaculatus
1034 1550 1174 1589 aquas.

263 1595 362 1633 Ante
395 1600 524 1633 tamen
556 1595 720 1634 madidis
752 1595 902 1634 subieci
934 1596 1094 1647 sulpura
1126 1598 1256 1649 venis,

322 1652 530 1692 Clauderet
560 1659 603 1692 ut
634 1653 744 1692 Tatio
777 1654 948 1693 fervidus
980 1667 1093 1694 umor
1124 1657 1221 1694 iter.

264 1710 383 1750 Cuius
415 1718 459 1750 ut
490 1711 636 1750 utilitas
668 1712 791 1762 pulsis
822 1718 1006 1764 percepta
1039 1713 1216 1765 Sabinis,

324 1769 430 1815 Quae
463 1770 618 1818 fuerat,
651 1775 735 1808 tuto
768 1771 918 1809 reddita
952 1772 1073 1809 forma
1106 1771 1191 1810 loco
1223 1777 1303 1810 est.

175 1836 242 1868 275
263 1829 338 1867 Ara
370 1828 463 1866 mihi
495 1830 619 1878 posita
652 1833 712 1867 est
743 1840 860 1879 parvo
893 1830 1099 1867 coniuncta
1131 1829 1293 1869 sacello:

324 1885 428 1925 Haec
460 1885 587 1925 adolet
618 1886 782 1925 flammis
815 1899 903 1925 cum
937 1894 1044 1926 strue
1077 1888 1179 1927 farra
1212 1885 1339 1927 suis.'

266 1942 329 1983 ‘At
361 1957 431 1984 cur
463 1956 557 1995 pace
589 1944 685 1984 lates
705 1976 715 1996 ‚
749 1947 941 1996 motisque
974 1945 1189 1984 recluderis
1221 1948 1337 1986 armis
1350 1943 1392 1986 ?'

321 2003 401 2042 Nec
433 2015 568 2055 mora,
602 2005 767 2054 quaesiti
799 2004 949 2042 reddita
982 2016 1097 2043 causa
1129 2004 1222 2043 mibi
1255 2010 1336 2044 est.

266 2059 336 2101 ‘Ut
366 2061 509 2113 populo
541 2061 692 2100 reditus
723 2067 880 2113 pateant
911 2063 955 2101 ad
989 2062 1088 2101 bella
1119 2063 1317 2116 profecto,

175 2127 242 2159 280
321 2120 416 2158 Tota
448 2126 554 2171 patet
585 2120 740 2171 dempta
771 2122 884 2159 ianua
916 2127 1049 2159 nostra
1081 2133 1189 2160 sera.

264 2178 361 2217 Pace
394 2179 498 2217 fores
532 2177 661 2229 obdo,
693 2190 741 2217 ne
775 2191 849 2229 qua
881 2178 1081 2218 discedere
1114 2181 1260 2230 possit:

322 2236 590 2287 Caesareoque
622 2237 688 2276 diu
722 2239 876 2276 nomine
909 2237 1041 2275 clusus
1074 2234 1186 2276 ero.'

263 2294 394 2346 Dixit,
427 2300 466 2333 et
498 2294 676 2333 attollens
709 2295 841 2333 oculos
874 2295 1024 2334 diversa
1056 2301 1235 2345 tuentes,

321 2353 482 2403 Aspexit
513 2359 593 2392 toto
627 2354 815 2404 quidquid
849 2355 890 2392 in
921 2353 1014 2392 orbe
1047 2354 1141 2393 fuit.
