1570 2527
176 107 260 148 262
716 106 970 140 FASTORUM

208 225 273 256 120
353 215 552 255 Mensibus
584 220 749 266 egerunt
779 215 902 254 lustra
932 217 1083 255 minora
1114 215 1271 256 decem.

295 274 430 312 Annus
463 280 573 326 erat,
606 274 800 313 decimum
832 286 922 314 cum
952 274 1043 314 luna
1075 281 1278 326 receperat
1308 274 1467 316 orbem:

354 331 426 371 Hic
458 344 646 371 numerus
678 344 816 384 magno
848 338 942 372 tunc
973 334 1013 372 in
1044 332 1192 372 honore
1224 334 1320 385 fuit3

295 390 373 429 Seu
407 392 497 441 quia
529 396 588 430 tot
619 391 757 443 digiti,
788 403 860 442 per
891 403 989 442 quos
1021 403 1228 431 numerare
1259 392 1454 446 solemus,

354 448 432 488 Seu
465 451 554 499 quia
586 449 644 488 bis
677 451 796 500 quino
828 449 971 488 semina
1001 461 1135 489 mense
1166 452 1290 502 parit,

210 515 274 546 125
296 507 373 546 Seu
407 507 510 558 quod
542 507 717 558 adusque
744 508 878 546 decem
904 519 1068 546 numero
1101 514 1303 547 crescente
1335 510 1510 562 venitur,

353 565 594 616 Principium
627 567 761 617 spatiis
794 567 962 605 sumitur
993 566 1084 604 inde
1116 567 1248 606 novis.

293 623 386 662 Inde
418 630 550 675 patres
582 631 739 663 centum
773 624 893 663 denos
927 626 1093 663 secrevit
1123 625 1164 663 in
1196 624 1311 664 orbes

354 682 573 734 Romulus,
605 683 777 721 hastatos
808 684 1055 734 instituitque
1089 683 1248 735 decem3

295 740 344 779 Et
375 741 538 779 totidem
569 742 752 793 princeps
771 772 782 793 ‚
814 742 975 780 totidem
1008 740 1161 792 pilanus
1193 741 1359 781 habebat

210 807 274 838 130
354 798 554 851 Corpora,
586 799 760 850 legitimo
794 801 938 850 quique
970 799 1145 838 merebat
1176 812 1299 850 equo.

295 857 398 903 Quin
430 859 546 896 etiam
577 863 708 909 partes
740 858 902 897 totidem
934 858 1173 897 Titiensibus
1206 858 1293 910 ille,

354 916 538 967 Quosque
571 922 709 954 vocant
740 915 908 955 Ramnes
927 948 937 967 ,
968 915 1262 967 Luceribusque
1295 916 1423 957 dedit.

295 974 487 1013 Adsuetos
518 975 638 1025 igitur
671 986 856 1013 numeros
889 976 1056 1013 servavit
1086 976 1127 1013 in
1159 987 1283 1015 annO.

353 1032 434 1071 Hoc
467 1032 575 1082 luget
605 1034 729 1083 spatio
762 1033 904 1071 femina
935 1038 1080 1071 maesta
1112 1034 1261 1072 virum.

210 1098 275 1130 135
296 1090 380 1129 Neu
413 1090 567 1129 dubites
586 1122 596 1142 ,
629 1092 777 1141 primae
810 1091 957 1129 fuerint
988 1092 1082 1141 quin
1114 1096 1203 1130 ante
1235 1090 1430 1130 Kalendae

354 1149 515 1200 Martis,
549 1148 595 1186 ad
626 1148 721 1187 haec
754 1150 926 1187 animum
957 1150 1065 1200 signa
1097 1149 1246 1188 referre
1277 1155 1411 1200 potes.

295 1204 447 1245 Laurea
478 1206 700 1246 flaminibus
732 1219 829 1257 quae
862 1212 944 1246 toto
976 1209 1149 1258 perstitit
1180 1220 1306 1259 anno,

355 1265 548 1317 Tollitur,
582 1271 620 1304 et
652 1265 811 1304 frondes
844 1271 935 1304 sunt
966 1267 1006 1304 in
1038 1266 1185 1304 honore
1218 1278 1361 1305 novae.

298 1323 414 1362 lanua
446 1330 540 1362 tunc
572 1325 676 1374 regis
707 1324 833 1375 posita
865 1325 964 1362 viret
995 1323 1135 1362 arbore
1167 1323 1338 1363 Phoebi:

211 1389 275 1421 140
356 1383 452 1421 Ante
484 1389 572 1421 tuas
603 1383 646 1420 fit
677 1381 780 1420 idem
799 1414 809 1433 ,
841 1383 949 1421 curia
980 1383 1136 1433 prisca,
1169 1382 1296 1421 fores.

298 1440 410 1479 Vesta
443 1452 599 1491 quoque
632 1446 676 1479 ut
706 1440 797 1478 folio
831 1441 952 1479 niteat
983 1440 1106 1479 velata
1138 1442 1310 1492 recenti,

356 1498 467 1537 Cedit
499 1498 545 1537 ab
577 1498 702 1537 Iliacis
734 1498 865 1537 laurea
898 1511 992 1537 cana
1023 1499 1142 1538 focis.

296 1557 403 1596 Adde
422 1589 432 1608 ,
465 1557 568 1608 quod
601 1568 739 1595 arcana
771 1557 857 1595 fieri
887 1569 1010 1596 novus
1042 1558 1143 1608 ignis
1174 1558 1214 1596 in
1246 1556 1339 1595 aede

357 1615 536 1668 Dicitur,
569 1621 608 1654 et
639 1616 742 1654 vires
773 1615 926 1654 ssamma
957 1616 1104 1654 refecta
1135 1616 1258 1667 capit.

213 1681 277 1712 145
299 1673 378 1712 Nec
411 1673 506 1712 mihi
537 1686 653 1724 parva
685 1674 810 1725 fides,
843 1686 964 1712 annos
996 1673 1087 1712 hinc
1118 1675 1195 1712 isse
1227 1675 1402 1726 priores,

356 1732 465 1769 Anna
497 1731 600 1781 quod
631 1731 705 1769 hoc
738 1737 873 1782 coepta
906 1738 965 1770 est
995 1743 1128 1770 mense
1160 1732 1337 1770 Perenna
1369 1731 1465 1771 coli.

298 1789 397 1828 Hinc
430 1791 547 1828 etiam
580 1795 731 1828 veteres
764 1791 851 1827 initi
882 1795 1149 1828 memorantur
1180 1789 1349 1828 bonores

357 1847 413 1886 Ad
446 1849 616 1898 spatium
647 1846 767 1899 belli,
798 1847 946 1898 perfide
978 1847 1107 1886 Poene
1126 1879 1137 1899 ‚
1169 1848 1251 1887 tui.

299 1905 473 1956 Denique
508 1907 668 1956 quintus
700 1904 746 1943 ab
779 1905 852 1944 hoc
885 1906 1013 1944 fuerat
1044 1905 1227 1951 Quintilis
1246 1937 1257 1958 ‚
1289 1912 1328 1945 et
1358 1906 1447 1946 inde

213 1973 278 2004 150
357 1964 526 2015 Incipit,
558 1976 578 2002 a
611 1975 774 2002 numero
807 1965 963 2002 nomina
996 1965 1174 2015 quisquis
1206 1963 1344 2003 habet,

298 2023 484 2073 Primus,
517 2022 703 2060 oliviferis
735 2021 896 2060 Romam
929 2022 1120 2061 deductus
1153 2021 1199 2060 ab
1232 2023 1356 2074 arvis,

357 2080 570 2132 Pompilius
603 2092 757 2119 menses
789 2082 912 2119 sensit
942 2080 1079 2119 abesse
1111 2080 1234 2120 duos:

301 2139 388 2178 Sive
421 2139 495 2177 hoc
528 2151 548 2177 a
581 2138 709 2177 Samio
743 2138 882 2177 doctus
899 2170 911 2191 ‚
943 2140 1009 2189 qui
1040 2150 1155 2189 posse
1187 2139 1339 2177 renasci

359 2197 437 2236 Nos
469 2202 609 2248 putat,
641 2196 782 2247 Egeria
814 2198 894 2235 sive
926 2202 1108 2234 monente
1142 2208 1232 2235 sua.

215 2263 279 2294 155
303 2255 377 2294 Sed
410 2260 540 2294 tamen
573 2255 755 2294 errabant
787 2257 902 2294 etiam
934 2266 1039 2293 nunc
1070 2259 1245 2305 tempora
1265 2286 1275 2305 ‚
1307 2254 1429 2293 donec

359 2313 536 2352 Caesaris
568 2316 608 2352 in
641 2312 771 2352 multis
804 2313 898 2351 haec
932 2324 1086 2364 quoque
1119 2325 1212 2351 cura
1244 2313 1338 2352 fuit.
