1570 2527
334 504 632 559 TRISTIUM
669 505 852 558 LIBER
890 504 1139 559 PRIMUS.

721 631 755 677 I.

186 723 307 762 Parve
327 755 338 776 ‚
370 735 443 762 nec
469 724 624 763 invideo
644 755 656 776 ,
689 726 773 763 sine
799 737 860 764 me
878 757 888 776 ,
920 725 1020 763 liber
1038 756 1048 776 ,
1080 725 1155 764 ibis
1181 727 1222 764 in
1242 724 1412 764 Urbem.

185 782 233 821 Ei
265 781 359 821 mihi
377 813 388 834 ,
423 782 526 833 quod
559 782 716 822 domino
751 795 829 821 non
862 783 954 821 licet
984 785 1042 821 ire
1075 783 1170 822 tuo!

187 840 290 880 Vade
312 872 323 893 ‚
357 840 424 879 sed
457 841 630 880 incultus
650 873 661 893 ‚
694 841 848 892 qualem
881 842 993 880 decet
1027 842 1151 880 exulis
1185 853 1293 880 esse:

186 899 326 938 Infelix
358 899 533 939 habitum
565 901 756 951 temporis
788 900 906 939 huius
938 899 1061 939 habe.

146 966 167 996 5
187 957 267 997 Nec
299 964 337 997 te
370 971 570 1010 purpureo
603 958 734 997 velent
765 960 937 998 vaccinia
970 959 1059 998 suco
1088 981 1136 987 —

186 1016 272 1055 Non
305 1022 365 1055 est
397 1019 633 1056 conveniens
665 1017 837 1056 luctibus
869 1017 932 1056 ille
966 1017 1073 1056 color
1101 1040 1155 1044 —

185 1075 267 1114 Nec
300 1075 437 1115 titulus
470 1077 589 1115 minio
608 1108 619 1129 ‚
651 1088 724 1115 nee
757 1076 873 1115 cedro
908 1076 1042 1115 charta
1073 1081 1259 1128 notetur,

190 1133 359 1173 Candida
392 1146 464 1173 nec
497 1136 607 1185 nigra
641 1147 787 1174 cornua
820 1135 949 1173 fronte
982 1147 1118 1185 geras.

188 1192 338 1232 Felices
372 1199 513 1231 ornent
544 1193 640 1232 11366
672 1194 935 1232 instrumenta
967 1193 1144 1232 libellos:

128 1259 168 1290 10
189 1251 385 1290 Fortunae
419 1264 634 1290 memorem
666 1258 704 1291 te
738 1252 851 1291 decet
884 1264 969 1290 esse
1002 1264 1135 1290 meae.

163 1309 269 1353 ,Nec
300 1309 427 1361 fragili
459 1312 636 1361 geminae
667 1310 866 1362 poliantur
898 1312 1054 1362 pumice
1087 1311 1265 1358 frontes,

188 1368 375 1407 Hirsutus
408 1370 555 1419 sparsis
587 1375 632 1408 ut
663 1369 817 1408 videare
852 1371 997 1408 comis.

187 1426 292 1465 Neve
324 1427 532 1466 liturarum
563 1427 735 1478 pudeat.
782 1429 849 1478 qui
880 1427 1022 1465 viderit
1053 1427 1163 1479 illas,

191 1484 244 1523 De
276 1485 446 1523 lacrimis
478 1485 599 1524 saetas
631 1487 775 1524 sentiet
806 1497 892 1524 esse
924 1487 1045 1524 meis.

128 1551 170 1581 15
192 1542 294 1581 Vade
314 1575 324 1595 ‚
355 1542 484 1596 liber,
517 1543 725 1595 verbisque
759 1545 855 1582 meis
888 1544 971 1582 loca
1003 1550 1112 1594 grata
1144 1543 1290 1583 saluta:

190 1601 418 1652 Contingam
453 1608 560 1641 certe
593 1614 669 1652 quo
701 1602 794 1641 licet
824 1602 888 1640 illa
920 1602 1042 1653 pede.

194 1657 351 1710 SiquiS‚
386 1663 431 1697 ut
468 1660 509 1696 in
547 1658 715 1710 populo,
754 1659 880 1698 nostri
925 1672 1003 1698 non
1036 1662 1230 1699 inmemor
1260 1659 1317 1699 illi
1330 1691 1339 1712 ‚

194 1717 350 1767 Siquis,
388 1717 477 1768 qui,
516 1717 610 1767 quid
648 1729 781 1770 agam,
819 1719 919 1757 forte
973 1721 1180 1770 requirat,
1213 1720 1312 1771 erit,

187 1775 326 1815 Vivere
357 1788 420 1815 me
452 1777 559 1816 dices
577 1809 588 1828 ,
621 1776 769 1816 salvum
800 1782 931 1816 tamen
963 1789 1049 1816 esse
1082 1777 1265 1830 negabi83

123 1834 229 1874 201d
263 1847 419 1886 quoque
439 1867 450 1888 ‚
483 1836 587 1887 quod
619 1837 743 1874 vivam
766 1866 776 1884 ,
807 1848 951 1875 munus
984 1836 1129 1875 babere
1161 1836 1247 1875 dei.

186 1894 313 1945 Atque
345 1895 397 1933 ita
431 1900 472 1933 tu
504 1896 646 1933 tacitus
665 1925 676 1947 ,
709 1896 914 1945 quaerenti
946 1895 1058 1946 plura
1089 1894 1301 1946 legendus,

187 1952 272 2004 Ne,
305 1964 403 2003 quae
436 1965 515 1991 non
548 1965 647 2004 opus
680 1959 771 2005 est,
804 1954 904 1992 sorte
937 1953 1128 2005 loquare,
1161 1952 1276 1992 eave!

186 2010 373 2049 Protinus
406 2010 629 2051 admonitus
662 2017 816 2063 repetet
847 2024 932 2050 mea
965 2012 1129 2050 crimina
1160 2011 1308 2064 lector,

186 2069 237 2108 Et
267 2081 432 2120 peragar
463 2070 597 2121 populi
628 2070 809 2122 publicus
842 2083 910 2109 ore
943 2082 1058 2108 reus.

122 2135 166 2165 25
187 2127 247 2166 Tu
279 2140 370 2166 cave
403 2127 589 2167 defendas
608 2160 619 2181 ,
653 2130 828 2180 quamvis
859 2128 1091 2167 mordebere
1124 2127 1263 2168 dictis:

189 2186 311 2225 Causa
343 2188 560 2238 patrocinio
593 2199 671 2226 11011
703 2188 804 2226 bona
830 2189 941 2239 peior
973 2189 1071 2226 erit.

188 2243 366 2284 Invenies
399 2245 567 2297 aliquem
588 2277 599 2298 ,
632 2247 700 2298 qui
732 2258 794 2284 me
827 2247 999 2297 suspiret
1031 2245 1286 2299 ademptum,

188 2301 367 2343 Carmina
397 2316 470 2344 nec
502 2306 617 2344 siccis
649 2304 824 2356 perlegat
855 2306 928 2344 ista
960 2306 1096 2358 genis,

139 2374 246 2402 ovn).
278 2376 335 2403 m.
1179 2374 1196 2404 1
