1570 2527
620 130 647 162 1.
674 132 871 163 249—316.
1334 127 1417 169 221

109 247 176 279 285
196 239 275 278 Pax
306 245 390 277 erat
407 269 418 290 ‚
451 244 490 277 et
521 240 670 290 vestri,
704 237 933 277 Germanice
958 270 968 290 ‚
1002 250 1118 277 causa
1149 238 1366 290 triumphi,

255 297 486 336 Tradiderat
516 296 678 335 famulas
712 298 787 335 iam
822 297 891 335 tibi
922 297 1083 336 Rhenus
1115 309 1258 348 aquas.

196 357 316 408 Iane,
349 356 408 394 fac
440 360 621 394 aeternos
652 367 788 406 pacem
821 357 1005 407 pacisque
1038 357 1262 407 ministros,

254 414 359 453 Neve
392 426 537 466 suum,
568 421 752 465 praesta,
786 414 941 453 deserat
973 421 1110 453 auctor
1142 427 1262 466 opus.

197 473 309 519 Quod
341 479 470 512 tamen
503 485 551 511 ex
583 474 679 524 ipsis
713 473 822 511 licuit
853 473 948 511 mihi
981 474 1132 512 discere
1165 474 1299 525 fastis,

109 541 176 572 290
257 531 468 570 Sacravere
500 537 630 583 patres
662 532 734 570 hac
768 532 844 570 duo
877 532 1020 583 templa
1052 532 1137 571 die.

197 591 358 642 Accepit
389 590 546 629 Phoebo
578 591 826 642 nymphaque
860 591 1052 629 Coronide
1085 597 1220 630 natum

256 649 386 688 Insula
405 681 416 702 7
448 649 602 688 dividua
636 662 751 701 quam
782 652 925 701 premit
957 651 1081 688 amnis
1114 662 1235 701 aqua:

197 708 374 760 Iuppiter
405 710 445 746 in
478 715 586 759 parte
621 715 707 747 est.
742 710 845 759 cepit
876 708 986 747 locus
1019 721 1122 748 unus
1155 715 1367 760 utrumque

256 766 471 818 Iunctaque
504 773 597 806 sunt
628 779 767 818 magno
800 767 944 819 templa
976 770 1130 819 nepotis
1163 780 1257 807 avo.

469 871 507 911 2.
539 869 616 911 BF
679 871 716 911 3.
750 869 823 912 CC
885 871 924 911 4.
958 869 1037 912 DC

109 964 177 995 295
198 955 294 1001 Quis
321 959 424 993 vetat
450 960 489 993 et
522 954 679 1006 stellas,
712 961 756 993 ut
783 966 959 1006 quaeque
988 956 1194 1006 oriturque
1221 955 1421 1008 caditque,

257 1014 395 1052 Dicere
416 1011 436 1052 ⁶?
477 1015 661 1064 promissi
693 1026 782 1065 pars
815 1020 892 1052 stet
925 1020 963 1052 et
994 1015 1078 1065 ipsa
1112 1016 1210 1053 mei.

199 1073 348 1112 Felices
380 1074 559 1124 animae,
593 1072 737 1123 quibus
769 1073 865 1111 haec
897 1085 1136 1123 cognoscere
1168 1074 1305 1124 primis

257 1131 379 1182 Inque
412 1131 552 1169 domus
584 1143 748 1182 superas
781 1131 969 1170 scandere
1003 1144 1096 1170 cura
1130 1131 1225 1171 fuit!

199 1190 394 1229 Credibile
427 1198 487 1228 est
518 1189 604 1229 illos
636 1192 783 1241 pariter
815 1192 997 1240 vitiisque
1028 1190 1206 1241 locisque

112 1258 180 1289 300
259 1249 385 1287 Altius
417 1248 598 1286 humanis
632 1250 832 1287 exeruisse
866 1255 1005 1299 caput.

199 1307 285 1346 Non
318 1306 449 1345 Venus
481 1313 520 1345 et
552 1309 683 1345 vinum
717 1306 897 1345 sublimia
928 1314 1087 1358 pectora
1120 1308 1259 1360 fregit,

260 1365 490 1405 Officiumve
523 1366 627 1417 fori,
660 1366 867 1404 militiaeve
900 1366 1032 1418 labor3

200 1425 281 1463 Nec
313 1425 407 1463 levis
441 1424 599 1463 ambitio
631 1425 869 1476 perfusaque
902 1425 1024 1476 gloria
1057 1426 1145 1464 fuco

259 1483 564 1534 Magnarumque
598 1483 718 1521 fames
751 1483 972 1522 sollicitavit
1003 1496 1144 1534 opum.

113 1551 180 1582 305
200 1542 417 1580 Admovere
450 1542 574 1580 oculis
607 1541 790 1580 distantia
822 1542 949 1580 sidera
981 1544 1154 1594 nostris,

260 1601 508 1651 Aetheraque
541 1602 696 1651 ingenio
730 1613 974 1652 supposuere
1008 1614 1102 1639 suo.

203 1660 267 1698 SIc
299 1661 448 1710 petitur
480 1659 660 1699 caelum:
702 1671 780 1697 non
813 1665 857 1698 ut
888 1660 988 1698 ferat
1021 1659 1146 1698 Ossan
1179 1659 1388 1712 Olympus,

260 1718 426 1769 Ipsaque
458 1717 637 1756 Peliacus
670 1718 797 1756 sidera
829 1724 961 1769 tangat
994 1731 1113 1769 apex.

201 1777 280 1815 Nos
314 1789 470 1828 quoque
503 1776 576 1815 sub
609 1776 777 1815 ducibus
810 1777 959 1815 caelum
992 1777 1227 1816 metabimur
1259 1778 1357 1825 illis,

114 1845 182 1876 310
260 1836 536 1887 Ponemusque
570 1847 662 1874 suos
695 1836 741 1874 ad
774 1847 867 1886 vaga
899 1838 1008 1887 signa
1041 1837 1147 1875 dies.

202 1894 305 1945 Ergo
340 1894 406 1933 ubi
438 1907 514 1933 nox
546 1895 671 1933 aderit
703 1896 880 1933 venturis
912 1897 1028 1934 tertia
1059 1895 1204 1947 Nonis,

263 1953 483 2004 Sparsaque
517 1953 678 1992 caelesti
710 1966 799 1991 rore
833 1953 1003 1992 madebit
1034 1954 1201 2005 humus,

204 2011 403 2062 Octipedis
437 2012 582 2050 frustra
615 2019 856 2063 quaerentur
887 2012 1047 2050 brachia
1079 2012 1243 2051 Cancri:

261 2071 455 2121 Praeceps
489 2070 671 2109 occiduas
703 2071 766 2109 ille
800 2070 945 2109 subivit
977 2083 1117 2121 aquas⁴

115 2137 182 2168 315
203 2129 425 2168 Institerint
457 2129 590 2167 Nonae
609 2161 620 2181 ‚
652 2131 761 2167 missi
793 2128 865 2167 tibi
897 2129 1068 2168 nubibus
1101 2132 1195 2168 atris

263 2187 378 2239 Signa
411 2187 559 2227 dabunt
590 2188 766 2239 imbres,
800 2190 999 2227 exoriente
1033 2188 1153 2240 Lyra.
