1570 2527
567 120 627 154 1v.
655 121 850 153 355—418.
1291 117 1376 158 295

158 228 257 268 Ante
289 234 446 280 tamen,
479 240 594 279 quam
627 239 776 266 summa
808 227 891 266 dies
924 226 1144 278 spectacula
1176 227 1310 278 sistat,

216 286 382 338 Ensiger
414 285 534 325 Orion
567 298 736 337 aequore
769 298 922 325 mersus
955 287 1051 324 erit.

444 352 509 419 10.
541 377 630 418 DN
656 389 971 419 LVD-IN·CIR

159 462 338 501 Proxima
371 463 571 501 victricem
603 474 692 501 cum
724 462 886 500 Romam
917 462 1132 512 inspexerit
1163 461 1263 512 Eos,

76 529 140 560 390
219 521 268 560 Et
299 520 452 559 dederit
483 520 639 559 Phoebo
674 521 782 560 stella
815 521 944 571 fugata
976 520 1128 567 locum,

161 579 298 619 Circus
331 581 407 618 erit
434 590 578 631 pompa
610 579 765 618 celeber
796 590 1039 630 numeroque
1072 578 1259 630 deorum,

219 638 427 689 Primaque
461 639 632 677 ventosis
663 638 789 689 palma
819 642 977 689 petetur
1009 638 1143 688 equis.

306 731 369 770 11.
401 728 488 771 ΕΝ
553 730 616 771 12.
649 729 731 770 FN
757 740 1120 770 LVDI-CERERI

162 812 261 852 Hinc
293 813 449 852 Cereris
480 814 589 852 ludi.
647 825 724 851 non
757 820 816 852 est
848 825 945 863 opus
978 812 1105 851 indice
1139 825 1278 864 causa;

221 872 367 922 Sponte
400 872 494 910 deae
525 883 669 910 munus
700 873 1036 922 promeritumque
1069 876 1197 922 patet.

75 938 142 969 395
162 930 299 969 Messis
331 935 415 969 erat
445 932 582 981 primis
615 931 758 968 virides
791 929 1020 968 mortalibus
1052 929 1220 982 herbae,

221 989 325 1034 Quas
356 988 472 1028 tellus
504 988 610 1027 nullo
643 988 874 1027 sollicitante
907 987 1045 1040 dabat3

162 1046 212 1086 Et
242 1047 356 1085 modo
389 1047 602 1098 carpebant
632 1048 741 1085 vivax
774 1047 821 1085 de
854 1048 1023 1097 caespite
1057 1057 1239 1098 gramen,

221 1105 333 1144 Nunc
365 1106 501 1157 epulae
533 1111 667 1144 tenera
698 1105 836 1144 fronde
869 1116 1057 1144 cacumen
1089 1110 1222 1144 erant.

163 1164 371 1203 Postmodo
404 1164 511 1215 glans
543 1169 631 1202 nata
663 1170 751 1203 est.
806 1163 906 1202 bene
939 1168 1023 1201 erat
1054 1165 1127 1202 iam
1161 1163 1298 1214 glande

891 1226 1070 1273 reperta,

75 1290 143 1321 400
222 1281 403 1333 Duraque
436 1282 658 1332 magnificas
691 1293 861 1332 quercus
894 1279 1060 1318 habehat
1091 1292 1208 1331 opes.

161 1340 292 1379 Prima
324 1340 442 1379 Ceres
474 1340 630 1378 homine
663 1340 708 1378 ad
742 1339 902 1378 meliora
934 1338 1114 1377 alimenta
1147 1345 1281 1378 vocato

221 1399 383 1437 Mutavit
414 1398 574 1449 glandes
606 1398 761 1437 utiliore
780 1397 904 1437 ‘cibo.

163 1457 230 1496 Illa
262 1459 353 1508 iugo
385 1462 519 1496 tauros
552 1457 694 1495 collum
726 1456 916 1508 praebere
950 1457 1100 1506 coegit:

222 1515 333 1554 Tunc
365 1517 536 1566 primum
568 1516 670 1554 soles
704 1522 813 1554 eruta
845 1515 940 1554 vidit
970 1514 1137 1553 humus.

75 1582 142 1613 405
163 1574 238 1613 Aes
270 1580 354 1613 erat
384 1576 423 1612 in
456 1575 583 1625 pretio
603 1606 613 1626 7
646 1574 840 1625 chalybeia
874 1585 999 1612 massa
1030 1572 1196 1612 latebat:

221 1632 332 1672 Eheu
351 1664 361 1684 ,
393 1638 585 1684 perpetuo
618 1632 753 1671 debuit
784 1632 847 1670 illa
879 1631 981 1683 tegi!

163 1691 263 1730 Pace
297 1691 415 1730 Ceres
447 1691 545 1730 laeta
577 1697 664 1743 est3
698 1697 736 1730 et
767 1703 834 1729 vos
867 1697 974 1729 orate
994 1722 1004 1742 ,
1037 1690 1187 1743 coloni,

222 1750 455 1801 Perpetuam
488 1762 623 1801 pacem
655 1750 937 1801 pacificumque
971 1749 1133 1787 ducem.

163 1808 282 1847 Farra
313 1809 407 1847 deae
438 1811 640 1860 micaeque
672 1809 764 1847 licet
795 1808 968 1847 salientis
999 1808 1189 1846 honorem

76 1874 143 1906 410
223 1867 359 1919 Detis,
392 1873 431 1906 et
461 1869 501 1906 in
534 1874 687 1907 veteres
718 1874 830 1906 turea
861 1879 980 1918 grana
1013 1867 1143 1918 socos;

163 1925 242 1977 Et,
274 1927 308 1964 si
338 1930 426 1964 tura
458 1926 654 1979 aberunt,
686 1932 824 1965 unctas
857 1925 1059 1964 accendite
1092 1925 1247 1964 taedas.

222 1983 342 2022 Parva
373 1983 497 2023 bonae
530 1984 691 2035 Cereri,
727 1986 804 2022 sint
836 1984 949 2022 modo
983 1989 1115 2034 casta,
1148 1983 1324 2034 placent.

164 2042 194 2080 A
227 2041 324 2081 bove
357 2043 550 2081 succincti
581 2042 728 2081 cultros
760 2048 957 2081 removete
991 2043 1183 2082 ministri.

222 2100 299 2139 Bos
331 2107 442 2140 aret.
499 2103 676 2152 ignavam
708 2101 923 2139 sacrificate
956 2112 1089 2139 suem.

76 2166 143 2197 415
163 2158 260 2210 Apta
291 2161 382 2211 iugo
415 2162 546 2199 cervix
577 2172 656 2198 non
688 2165 748 2198 est
779 2159 954 2198 ferienda
986 2160 1142 2198 securi:

221 2217 359 2270 Vivat,
391 2224 431 2257 et
462 2220 502 2257 in
535 2218 632 2257 dura
664 2230 779 2268 saepe
811 2217 961 2256 laboret
992 2217 1134 2257 humo.

164 2275 294 2326 Exigit
323 2278 406 2328 ipse
438 2276 548 2316 locus
567 2309 578 2328 ‚
611 2283 746 2328 raptus
778 2281 823 2315 ut
854 2277 1014 2327 virginis
1047 2276 1182 2316 edam.

220 2333 338 2373 Plura
369 2347 629 2387 recognosces
647 2366 658 2387 ‚
689 2347 812 2386 pauca
844 2335 1044 2374 docendus
1076 2337 1177 2375 eris.
