1570 2527
604 147 670 180 111.
696 156 763 181 1111
783 149 909 181 8-81.
1347 145 1429 186 177

138 263 184 295 45
204 255 311 295 Adde
345 255 449 307 quod
482 255 638 294 assidue
671 255 819 294 domini
850 256 1035 295 meditata
1068 255 1262 307 querellas
1374 264 1430 296 (91)

262 314 320 353 Ad
355 314 498 353 laetum
532 326 689 353 carmen
722 316 784 352 vix
816 327 903 353 mea
935 327 1046 353 versa
1078 314 1158 366 lyra
1191 322 1275 354 est.

206 372 273 411 Vix
306 372 407 411 bona
439 379 529 424 post
560 379 667 412 tanto
701 375 907 424 quaerenti
938 373 1056 412 verba
1090 372 1297 412 subibant:

262 430 312 470 Et
343 431 512 483 gaudere
547 432 690 483 aliquid
724 444 789 470 res
822 432 918 470 mihi
950 434 1031 471 visa
1062 444 1160 470 nova
1192 438 1274 471 est.

204 489 331 541 thue
363 490 621 529 reformidant
652 492 853 530 insuetum
885 490 1031 529 lumina
1064 490 1209 543 solem,

138 557 184 589 50
266 549 330 588 Sic
364 550 410 588 ad
441 549 629 589 laetitiam
661 561 771 588 mens
804 562 889 588 mea
922 551 1053 601 segnis
1086 555 1191 588 erat.

203 606 274 647 Est
307 620 464 659 quoque
498 615 730 647 cunctarum
763 610 912 647 novitas
946 610 1146 647 carissima
1177 620 1340 647 rerum:

262 666 471 718 Gratiaque
505 668 632 706 officio
651 699 662 719 ,
695 667 800 718 quod
831 679 941 706 mora
973 667 1128 718 tardat,
1161 666 1292 706 abest.

204 724 343 764 Cetera
375 727 554 765 certatim
587 726 634 764 de
667 738 806 777 magno
839 727 986 777 scripta
1018 725 1218 777 triumpho

262 783 342 822 Iam
374 784 526 835 pridem
558 784 693 835 populi
724 786 905 835 suspicor
938 797 1004 823 ore
1036 784 1135 834 legi.

138 850 182 881 55
205 842 270 881 Illa
302 841 400 881 bibit
432 844 568 881 sitiens
601 843 754 894 lector,
787 855 872 881 mea
903 842 1043 894 pocula
1075 842 1243 892 plenus:

261 900 328 939 Illa
360 913 500 940 recens
532 908 623 952 pota
656 907 745 953 est,
777 907 911 940 nostra
944 900 1094 952 tepebit
1126 913 1249 952 aqua.

201 959 288 998 Non
321 972 392 1011 ego
426 962 602 1011 cessavi,
635 972 708 999 nec
741 960 834 999 fecit
865 962 1007 998 inertia
1040 971 1195 998 serum.

261 1017 402 1058 Ultima
434 1031 495 1058 me
528 1020 627 1058 vasti
659 1020 828 1058 sustinet
859 1031 927 1057 ora
960 1019 1073 1058 freti.

202 1077 301 1116 Dum
332 1079 439 1116 venit
469 1077 546 1117 huc
578 1090 744 1131 rumor,
776 1084 1067 1129 properataque
1100 1078 1272 1116 carmina
1304 1077 1428 1129 fiunt,

136 1144 182 1175 60
262 1135 457 1187 Factaque
491 1143 586 1175 eunt
618 1137 665 1175 ad
698 1149 764 1175 vos
784 1167 795 1188 ,
827 1149 952 1175 annus
985 1136 1112 1175 abisse
1146 1142 1300 1187 potest.

201 1194 282 1234 Nec
315 1196 519 1234 minimum
552 1195 703 1243 refert,
736 1196 880 1234 intacta
913 1197 1062 1234 rosaria
1093 1196 1269 1247 primus,

261 1254 320 1292 An
351 1266 439 1292 sera
471 1266 607 1305 carpas
639 1266 762 1305 paene
795 1254 932 1293 relicta
963 1266 1104 1292 manu.

203 1312 306 1358 Quid
338 1314 483 1352 mIrum
502 1344 512 1364 ,
543 1312 655 1351 lectis
688 1312 876 1351 exhausto
909 1312 1072 1351 floribus
1105 1311 1219 1351 horto
1239 1344 1249 1364 ‚

261 1371 303 1410 Si
337 1373 418 1410 vice
451 1383 528 1410 non
561 1372 662 1410 facta
695 1377 755 1410 est
787 1371 902 1421 digna
935 1383 1079 1409 corona
1112 1368 1215 1409 sua‘?

136 1438 180 1469 65
202 1429 430 1482 Deprecor,
462 1430 558 1469 haec
590 1436 721 1469 vatum
754 1437 889 1468 contra
922 1442 991 1468 sua
1024 1431 1195 1468 carmina
1228 1442 1276 1468 ne
1310 1431 1398 1481 quis

260 1488 371 1527 Dicta
403 1495 543 1540 putet.
599 1501 671 1540 pro
704 1500 744 1527 se
777 1488 888 1527 Musa
919 1488 1048 1527 loc-uta
1082 1500 1166 1527 mea
1200 1495 1282 1526 est.

203 1547 303 1587 Sunt
334 1547 430 1586 mihi
461 1546 664 1586 vobiscum
697 1549 918 1586 communia
950 1559 1088 1598 sacra,
1121 1553 1283 1599 poetae,
1369 1557 1425 1587 (921»

260 1606 304 1645 In
337 1612 467 1646 vestro
500 1608 656 1645 miseris
689 1608 722 1645 si
753 1606 845 1645 licet
878 1618 963 1645 esse
998 1605 1141 1644 choro.

201 1665 416 1717 Magnaque
447 1677 538 1717 pars
571 1667 720 1704 animae
754 1677 908 1704 mecum
941 1666 1115 1716 vixistis,
1147 1666 1283 1703 amici:

135 1732 179 1763 70
258 1724 339 1763 Hac
372 1736 442 1775 ego
475 1736 544 1763 vos
576 1724 717 1763 absens
750 1736 855 1763 nunc
887 1735 1044 1774 quoque
1077 1730 1188 1774 parte
1222 1723 1329 1762 colo.

202 1782 288 1822 Sint
319 1784 440 1833 igitur
471 1789 602 1822 vestro
634 1795 720 1821 mea
752 1782 1022 1821 commendata
1055 1783 1178 1820 favori

261 1841 470 1894 Carmina,
503 1854 580 1880 non
613 1854 774 1893 possum
807 1854 878 1893 pro
912 1841 1055 1892 quibus
1087 1842 1172 1891 ipse
1204 1840 1334 1892 loqui.

200 1900 354 1952 Scripta
385 1900 541 1952 placent
573 1912 593 1939 a
625 1907 751 1939 morte
786 1901 897 1952 fere3
931 1902 1021 1952 quia
1053 1899 1207 1938 laedere
1242 1901 1347 1938 vivos

256 1959 375 1999 Livor
407 1965 446 1998 et
476 1961 622 1998 iniusto
656 1971 817 2011 carpere
850 1960 966 1999 dente
1000 1958 1121 1997 solet.

135 2026 178 2058 75
207 2017 248 2057 Si
279 2030 404 2069 genus
437 2024 498 2057 est
528 2020 666 2057 mortis
698 2018 797 2057 male
829 2020 960 2056 vivere
981 2049 991 2069 ,
1023 2024 1129 2055 terra
1161 2022 1364 2067 moratur,

256 2076 308 2116 Et
339 2077 481 2116 desunt
512 2077 601 2116 satis
633 2077 713 2116 sola
747 2076 954 2128 sepulchra
987 2077 1108 2114 meis.

198 2135 376 2187 Denique
408 2148 507 2187 opus
540 2143 697 2175 nostrae
730 2135 912 2187 culpetur
944 2141 989 2174 ut
1022 2134 1194 2185 undique
1228 2145 1370 2186 curae,

256 2194 438 2234 Officium
469 2207 584 2234 nemo
617 2196 686 2246 qui
715 2193 1001 2246 reprehendat,
1036 2194 1132 2232 erit.

196 2252 248 2292 Ut
279 2253 408 2292 desint
439 2255 542 2293 vires
561 2285 572 2306 ,
604 2259 735 2292 tamen
768 2259 828 2291 est
858 2251 1048 2292 laudanda
1080 2251 1282 2291 voluntas.

131 2320 176 2351 80
256 2311 337 2351 Hac
369 2324 440 2363 ego
473 2319 681 2352 contentos
714 2324 886 2363 auguror
919 2324 1005 2351 esse
1038 2311 1154 2350 deos.

195 2370 300 2410 Haec
331 2371 449 2423 facit,
482 2377 525 2410 ut
557 2372 686 2410 veniat
711 2383 861 2422 pauper
889 2382 1046 2422 quoque
1078 2376 1213 2422 gratus
1240 2369 1286 2408 ad
1314 2381 1419 2417 aras,

148 2443 257 2471 ovm.
286 2443 345 2470 111.
1166 2439 1207 2470 1⁶2
