1570 2527
169 128 253 171 288
710 128 963 161 FASTORUM

286 237 418 277 Litore
451 236 621 276 siccabat
651 241 831 275 rorantes
862 235 966 275 nuda
998 235 1179 287 capillos:

344 295 535 334 Viderunt
567 296 713 346 satyri,
746 294 860 334 turba
891 299 1101 346 proterva,
1133 294 1265 333 deam.

288 353 446 405 Sensit,
480 359 518 392 et
549 354 725 404 opposita
757 354 853 391 texit
884 365 953 391 sua
985 365 1150 403 corpora
1181 357 1330 404 myrto·

346 412 446 451 Tuta
477 412 551 450 fuit
582 412 682 450 sacto
701 443 712 464 ‚
743 423 888 461 vosque
920 411 1070 449 referre
1101 410 1233 450 iubet.

201 479 264 510 145
285 470 430 509 Discite
461 482 596 521 nunc,
629 481 749 520 quare
780 469 974 507 Fortunae
1007 474 1095 507 tura
1126 468 1236 507 Virili

345 528 452 568 Detis
485 541 529 567 eo
549 559 559 579 ‚
593 527 713 566 calida
746 528 813 578 qui
843 527 952 566 locus
985 532 1092 565 umet
1123 538 1244 578 aqua.

287 587 436 638 Accipit
466 586 530 625 ille
562 586 671 625 locus
703 587 830 637 posito
862 585 1050 624 velamine
1083 592 1244 624 cunctas

346 645 395 684 Et
427 646 564 684 vitium
595 644 690 683 nudi
722 645 898 695 corporis
931 655 1044 682 omne
1076 643 1202 682 videt.

289 703 337 743 Ut
368 710 472 755 tegat
502 703 576 742 hoc
609 703 785 753 celetque
817 704 950 754 viros,
982 701 1154 740 Fortuna
1185 701 1314 740 Virilis

202 770 265 801 150
345 761 550 813 Praestat,
583 767 622 800 et
652 761 726 800 hoc
758 773 875 812 parvo
908 767 995 799 ture
1028 765 1159 811 rogata
1192 760 1304 798 facit.

286 820 366 859 Nec
398 822 527 872 pigeat
558 821 693 859 tritum
727 821 837 858 niveo
871 831 959 858 cum
991 818 1090 857 lacte
1120 829 1287 870 papaver

349 878 512 917 Sumere
545 883 584 917 et
616 879 811 929 expressis
843 877 956 916 mella
987 876 1130 927 liquata
1161 877 1279 915 savis.

288 937 384 976 Cum
416 938 585 987 primum
618 936 758 987 cupido
792 935 921 974 Venus
953 941 1011 973 est
1043 935 1208 973 deducta
1240 934 1402 985 marito,

347 995 429 1034 Hoc
462 994 588 1033 bibit:
634 1006 679 1033 ex
711 994 775 1032 illo
808 1001 982 1044 tempore
1015 998 1135 1044 nupta
1166 993 1261 1031 fuit.

203 1062 266 1093 155
289 1053 538 1105 Supplicibus
570 1052 699 1091 verbis
730 1052 834 1090 illam
865 1052 1043 1103 placate:
1087 1050 1160 1089 sub
1191 1050 1255 1089 illa

348 1112 395 1150 Et
426 1112 549 1150 forma
582 1116 620 1149 et
651 1122 780 1149 mores
813 1115 851 1148 et
882 1109 983 1148 hona
1014 1110 1113 1147 sama
1145 1113 1296 1148 manet.

288 1170 408 1209 Roma
439 1169 626 1220 pudicitia
657 1180 891 1219 proavorum
923 1173 1099 1219 tempore
1130 1167 1236 1218 lapsa
1268 1171 1350 1206 est:

347 1228 549 1279 Cymaeam
568 1259 579 1279 ‚
611 1232 793 1278 veteres,
826 1226 1078 1265 consuluistis
1111 1238 1250 1264 anum.

289 1286 448 1337 Templa
479 1285 589 1324 iubet
620 1286 705 1324 fieri
737 1285 879 1323 Veneri
898 1316 906 1323 .
964 1284 1106 1335 quibus
1139 1283 1274 1322 ordine
1306 1283 1418 1322 factis

203 1354 267 1385 160
346 1344 440 1383 Inde
472 1344 602 1383 Venus
635 1356 747 1382 verso
780 1345 935 1382 nomina
968 1342 1085 1382 corde
1117 1348 1246 1381 tenet.

289 1402 452 1454 Semper
484 1402 530 1441 ad
563 1401 760 1441 Aeneadas
791 1401 969 1453 placido,
1002 1400 1294 1452 pulcherrima,
1324 1398 1431 1438 voltu

346 1461 511 1512 Respice
531 1492 541 1512 ,
574 1466 709 1511 totque
741 1467 827 1499 tuas
847 1491 857 1511 ,
890 1460 974 1498 diva
993 1491 1003 1511 ,
1036 1465 1147 1498 tuere
1179 1470 1325 1498 nurus.

288 1519 386 1559 Dum
418 1519 586 1571 loquor,
618 1519 739 1558 elatae
771 1518 1005 1557 metuendus
1038 1519 1215 1556 acumine
1247 1516 1391 1573 caudae

348 1578 531 1630 Scorpios
563 1578 603 1616 in
635 1577 769 1616 viridis
800 1578 1081 1629 praecipitatur
1112 1587 1253 1627 aquas.

733 1669 771 1711 2.
807 1668 844 1709 D
873 1667 940 1720 [F]

203 1761 268 1792 165
288 1752 371 1791 Nox
404 1751 471 1791 ubi
503 1753 730 1803 transierit,
764 1752 991 1802 caelumque
1024 1750 1235 1790 rubescere
1265 1751 1390 1802 primo

347 1810 558 1862 Coeperit,
590 1816 629 1849 et
659 1816 783 1848 tactae
815 1821 904 1847 rore
937 1814 1153 1860 querentur
1185 1820 1297 1861 aves,

292 1868 604 1919 semiustamque
638 1869 761 1906 facem
792 1867 946 1918 vigilata
977 1872 1091 1905 nocte
1124 1868 1244 1905 viator

347 1927 471 1966 Ponet
489 1959 499 1979 ‚
532 1932 571 1966 et
602 1927 648 1965 ad
681 1926 837 1965 solitum
869 1927 1041 1964 rusticus
1072 1924 1143 1963 ibit
1175 1936 1296 1977 opus,

288 1985 463 2024 Pleiades
495 1986 685 2036 incipient
715 1996 873 2023 umeros
904 1983 1077 2022 relevare
1108 1988 1308 2034 paternos,

204 2052 269 2083 170
349 2043 455 2089 Quae
487 2050 637 2095 septem
670 2043 745 2082 dici
764 2074 774 2094 ,
807 2055 875 2081 sex
906 2048 1035 2081 tamen
1067 2052 1153 2080 esse
1185 2041 1333 2080 solent:

291 2101 367 2141 Seu
401 2102 504 2152 quod
535 2104 575 2140 in
607 2101 827 2153 amplexum
858 2112 925 2140 sex
957 2100 1048 2139 hinc
1073 2111 1214 2138 venere
1247 2099 1432 2149 deorum,
1458 2118 1502 2124 —

348 2159 444 2198 Nam
477 2159 669 2211 Steropen
701 2160 814 2198 Marti
846 2157 1104 2197 concubuisse
1137 2157 1291 2208 ferunt,

290 2217 470 2268 Neptuno
502 2218 699 2269 Alcyonen
733 2224 771 2257 et
801 2223 840 2256 te
860 2249 870 2268 ,
901 2217 1071 2255 formosa
1103 2214 1291 2268 Celaeno3

346 2275 468 2314 Maian
502 2282 540 2314 et
571 2275 765 2315 Electram
797 2275 1071 2327 Taygetenque
1102 2273 1183 2312 Iovi
1212 2295 1257 2301 —

204 2341 268 2373 175
292 2332 464 2384 Septima
496 2334 649 2373 mortali
680 2334 838 2385 Merope
870 2333 969 2385 tibi,
1003 2332 1196 2385 Sisyphe,
1229 2331 1384 2383 nupsit,
