1570 2527
514 78 579 110 111.
605 85 633 109 x
653 79 791 110 50—XI
811 79 866 110 40.
1308 75 1364 116 55

96 196 116 228 5
138 188 235 234 Quis
267 186 411 238 gradus
443 185 636 237 ulterior,
670 196 746 236 quo
780 197 821 224 se
854 191 921 224 tua
951 186 1128 237 porrigat
1159 187 1239 237 ira,

138 243 314 286 Restat?
359 244 500 296 quidve
533 245 630 282 meis
663 245 792 282 cernis
826 244 962 283 abesse
996 242 1141 283 malis?

136 304 308 344 Barbara
338 315 401 342 me
434 302 550 342 tellus
582 308 622 341 et
652 302 849 353 inhospita
880 303 995 342 litora
1026 302 1141 342 Ponti

139 364 315 414 Cumque
348 374 419 401 suo
451 361 571 400 borea
596 360 781 400 Maenalis
813 374 905 400 ursa
937 362 1064 400 videt.

138 422 250 461 Nulla
281 421 378 460 mihi
409 433 499 460 cum
531 425 646 472 gente
680 420 762 458 sera
794 422 1028 459 commercia
1059 420 1238 472 linguae:

77 490 119 521 10
141 481 280 520 Omnia
313 480 469 519 solliciti
501 484 593 518 sunt
625 479 708 518 loca
740 478 853 530 plena
886 485 1038 519 metus.

139 540 268 590 thue
300 539 414 590 fugax
449 537 570 577 avidis
603 550 743 577 cervus
776 539 995 589 deprensus
1029 538 1074 577 ab
1107 539 1236 590 ursis,

141 598 354 649 Cinctaque
388 598 584 636 montanis
616 603 661 635 ut
692 604 806 648 pavet
838 610 933 648 agna
966 597 1094 648 lupis,

141 657 206 696 Sic
238 668 309 707 ego
341 655 540 706 belligeris
573 667 594 693 a
625 655 809 706 gentihus
842 656 1015 706 undique
1049 661 1207 706 saeptus

140 715 340 766 Terreor,
372 714 484 752 hoste
516 725 649 752 meum
682 726 804 764 paene
836 720 1041 764 premente
1073 714 1198 753 latus.

77 782 119 813 15
140 773 268 825 thue
301 774 352 812 sit
383 773 569 823 exiguum
602 784 751 822 poenae
770 804 781 824 ‚
814 772 917 823 quod
951 775 1117 823 coniuge
1150 785 1262 825 cara,

141 831 252 878 Quod
285 832 410 882 patria
443 843 556 869 careo
589 830 899 882 pignoribusque
933 832 1055 882 meis,

142 891 191 930 Ut
222 890 320 930 mala
352 889 458 929 nulla
490 889 614 928 feram
646 891 722 928 nisi
754 890 899 929 nudam
931 889 1108 929 Caesaris
1140 891 1261 941 iram,

140 949 252 989 Nuda
284 961 424 1000 parum
456 948 570 986 nobis
603 947 782 988 Caesaris
813 950 871 987 ira
904 949 994 987 mali
1026 945 1122 988 est?

140 1008 191 1047 Et
220 1013 352 1047 tamen
385 1012 445 1046 est
477 1007 618 1058 aliquis
637 1038 648 1059 ‚
681 1010 749 1059 qui
780 1007 941 1047 vulnera
974 1007 1096 1047 cruda
1128 1011 1341 1058 retractet,

76 1075 120 1106 20
143 1067 274 1106 Solvat
306 1072 344 1106 et
375 1068 415 1105 in
448 1078 577 1104 mores
611 1079 679 1105 ora
711 1066 857 1106 diserta
888 1064 1033 1105 meos‘?

142 1126 185 1165 In
218 1137 335 1165 causa
367 1124 469 1164 facili
502 1126 625 1164 cuivis
658 1125 751 1164 licet
783 1138 869 1164 esse
902 1126 1118 1178 disertum,

142 1184 192 1224 Et
222 1186 405 1224 minimae
438 1185 542 1222 vires
575 1184 758 1235 frangere
792 1197 932 1235 quassa
965 1184 1115 1223 valent.

144 1243 346 1283 Subruere
379 1248 438 1282 est
470 1254 581 1281 arces
613 1249 652 1282 et
685 1245 826 1282 stantia
859 1245 1011 1282 moenia
1043 1245 1193 1296 virtus;

143 1301 366 1348 Quamlibet
397 1303 526 1353 ignavi
556 1303 811 1353 praecipitata
842 1308 1051 1354 premunt.

77 1369 121 1400 25
141 1361 229 1400 Non
268 1372 356 1400 sum
388 1372 458 1411 ego
499 1360 603 1411 quod
643 1361 821 1400 sueram.
874 1361 968 1412 quid
1006 1363 1163 1399 inanem
1201 1361 1374 1412 proteris

728 1419 907 1458 umbram
922 1418 942 1458 ἶ)

145 1478 248 1524 Quid
280 1481 454 1519 cinerem
487 1481 589 1518 saxis
622 1477 814 1529 bustaque
848 1484 983 1517 nostra
1014 1475 1152 1530 petis?

142 1537 290 1577 Hector
323 1545 406 1578 erat
437 1543 531 1577 tunc
550 1569 561 1590 ,
595 1549 685 1576 cum
716 1537 818 1576 bello
851 1537 1055 1589 certabat3
1088 1542 1126 1576 at
1156 1537 1260 1576 idem

143 1595 307 1636 Vinctus
340 1597 387 1636 ad
419 1596 653 1636 Haemonios
686 1608 764 1634 non
798 1601 881 1634 erat
912 1595 1058 1634 Hector
1091 1608 1237 1647 equos.

143 1654 204 1693 Me
239 1668 425 1707 quoque,
464 1668 581 1706 quem
614 1666 729 1693 noras
762 1654 853 1693 olim
874 1686 884 1706 ‚
922 1667 1000 1693 non
1034 1666 1120 1694 esse
1153 1659 1375 1694 memento:

79 1722 126 1753 30
146 1713 203 1752 Ex
235 1714 301 1753 illo
333 1720 523 1766 superant
553 1714 649 1752 haec
683 1713 891 1752 simulacra
923 1715 1030 1753 viro.

146 1773 249 1818 Quid
282 1773 519 1826 simulacra,
552 1773 692 1824 ferox,
726 1773 841 1811 dictis
874 1773 1040 1811 incessis
1073 1770 1250 1812 amaris?

144 1831 295 1884 Parce,
327 1844 498 1884 precor,
530 1843 666 1870 manes
699 1831 910 1870 sollicitare
943 1831 1078 1871 meos!

147 1890 285 1930 Omnia
317 1903 407 1929 vera
439 1896 533 1942 puta
566 1903 651 1929 mea
683 1892 847 1929 crimina
866 1921 876 1941 ‚
909 1890 964 1929 nil
996 1892 1046 1929 sit
1078 1891 1118 1929 in
1150 1890 1250 1942 illis,

146 1948 259 1995 Quod
291 1950 414 1999 magis
447 1961 622 1988 errorem
655 1961 771 2000 quam
804 1949 933 1988 scelus
966 1961 1052 1988 esse
1085 1954 1227 2000 putes:

81 2016 125 2047 35
145 2007 358 2047 Pendimus
386 2020 434 2047 en
461 2009 618 2059 profugi
644 2030 693 2035 —
719 2009 815 2047 satia
842 2013 909 2047 tua
934 2012 1096 2058 pectora
1117 2007 1125 2046 Ξ
1147 2030 1201 2035 -
1228 2019 1375 2059 poenas

145 2066 353 2118 Exilioque
385 2079 523 2118 graves
556 2067 742 2119 exiliique
775 2067 883 2105 loco.

147 2125 330 2165 Carnifici
361 2126 519 2166 fortuna
550 2131 682 2177 potest
712 2138 799 2164 mea
830 2125 958 2164 flenda
992 2125 1138 2165 videri:

147 2182 197 2223 Et
226 2189 357 2224 tamen
391 2190 451 2224 est
481 2197 560 2224 uuo
592 2185 723 2223 iudice
755 2196 884 2223 mersa
916 2183 1078 2235 parum!

150 2242 310 2282 Saevior
342 2255 384 2282 cs
416 2245 520 2282 tristi
552 2243 734 2282 Busiride
754 2275 764 2295 ‚
797 2244 948 2281 saevior
979 2242 1068 2295 illo,

82 2309 127 2339 40
149 2301 225 2347 Qui
256 2301 398 2341 falsum
429 2302 536 2341 lento
569 2303 715 2341 torruit
747 2303 836 2353 igne
869 2301 1032 2353 bovem,
