1570 2527
559 122 601 155 V.
627 130 643 154 1
662 123 789 154 55—11
809 123 863 154 42.
1330 118 1385 161 83

157 232 411 282 Affectusque
445 231 564 268 animi
597 231 664 280 qui
695 230 769 268 fuit
802 235 890 269 ante
911 261 921 281 ,
953 235 1105 268 manet.

159 290 345 340 Quaeque
377 301 485 328 mora
518 290 723 340 spatioque
756 301 827 327 suo
861 291 1011 327 coitura
1042 290 1175 340 putavi

96 357 138 388 10
159 347 357 400 Vulnera,
389 359 468 386 non
501 347 640 399 aliter,
673 359 790 398 quam
822 347 936 386 modo
970 348 1069 386 facta
1102 347 1256 386 dolent.

160 406 318 446 Scilicet
350 407 501 457 exiguis
534 406 696 457 prodest
728 418 874 445 annosa
906 411 1104 458 vetustas3

162 465 382 504 Grandibus
415 464 608 504 accedunt
639 470 816 517 tempore
849 465 988 503 damna
1020 464 1157 504 malis.

158 524 285 563 Paene
319 523 457 562 decem
488 525 581 562 totis
613 523 709 563 aluit
739 523 951 562 Poeantius
985 525 1096 562 annis

158 583 397 622 Pestiferum
430 582 581 621 tumido
615 582 755 621 vulnus
787 582 833 621 ab
867 594 992 633 angue
1027 582 1184 621 datum.

95 650 139 681 15
159 642 357 693 Telephus
391 647 549 680 aeterna
582 648 840 693 consumptus
873 641 959 680 tabe
993 642 1184 692 perisset,

161 700 202 739 Si
233 712 312 739 non
345 712 444 751 quae
477 701 635 752 nocuit,
668 700 804 738 dextra
836 700 992 739 tulisset
1025 711 1139 750 opem
1161 730 1169 738 .

160 759 210 798 Et
242 771 354 810 mea,
387 760 420 796 si
453 758 604 797 facinus
637 758 788 797 nullum
821 759 1112 809 commisimus,
1144 763 1260 809 opto,

161 816 329 856 Vulnera
363 818 431 867 qui
463 817 585 869 fecit,
617 816 717 855 facta
748 816 876 855 levare
910 816 1025 868 velit3

161 875 458 926 Contentusque
490 877 568 914 mei
600 877 676 914 iam
708 875 864 914 tandem
897 880 1007 926 parte
1041 874 1187 913 doloris

98 944 141 975 20
162 935 356 985 Exiguum
389 934 505 985 pleno
538 934 585 972 de
618 946 725 973 mare
758 934 888 973 demat
920 946 1042 984 aquae
1061 965 1069 972 .

162 993 348 1033 Detrahat
378 998 423 1032 ut
455 993 651 1044 multum,
685 993 851 1032 multum
884 992 1048 1032 restabit
1080 992 1234 1039 acerbi,

160 1052 337 1103 Parsque
369 1064 477 1091 meae
510 1064 658 1103 poenae
691 1054 813 1091 totius
845 1053 969 1090 instar
1002 1052 1099 1090 erit.

164 1111 298 1150 Litora
332 1117 427 1162 quot
461 1110 629 1149 conchas
648 1143 660 1164 ‚
692 1116 788 1161 quot
820 1122 980 1149 amoena
1013 1111 1162 1149 rosarIa
1193 1109 1331 1161 flores,

165 1170 316 1216 Quotve
350 1170 612 1221 soporiferum
644 1181 764 1221 grana
795 1181 964 1221 papaver
995 1168 1135 1220 habet3

98 1236 142 1268 25
165 1228 267 1268 Silva
300 1228 402 1267 feras
436 1234 531 1278 quot
563 1228 658 1279 alit,
692 1233 787 1279 quot
819 1227 993 1279 piscibus
1027 1228 1131 1266 unda
1163 1233 1343 1279 natatur,

165 1288 270 1333 Quot
300 1293 484 1326 tenerum
515 1288 655 1338 pennis
689 1291 777 1326 aera
808 1286 939 1338 pulsat
971 1288 1077 1338 avis,

164 1346 240 1385 Tot
270 1358 429 1397 premor
462 1345 664 1385 adversis:
705 1358 803 1397 quae
837 1347 870 1384 si
902 1345 1185 1397 comprendere
1219 1357 1362 1393 coner,

163 1405 309 1444 Icariae
341 1416 552 1443 numerum
585 1405 716 1443 dicere
750 1416 870 1443 coner
903 1416 1048 1455 aquae.

164 1463 294 1514 thue
326 1465 409 1501 viae
442 1475 585 1514 casus,
618 1469 662 1502 ut
693 1475 823 1501 amara
856 1462 1029 1513 pericula
1061 1464 1195 1514 ponti,

100 1531 144 1562 30
166 1522 216 1561 Ut
248 1528 396 1560 taceam
429 1523 585 1560 strictas
618 1523 659 1560 in
692 1533 777 1560 mea
809 1522 885 1560 sata
916 1533 1078 1560 manus:

166 1580 337 1619 Barbara
369 1592 430 1618 me
463 1579 579 1619 tellus
611 1579 797 1631 orbisque
831 1581 1041 1618 novissima
1072 1581 1204 1631 magni

168 1639 345 1678 Sustinet
377 1644 417 1678 et
448 1651 561 1677 saevo
595 1640 748 1678 cinctus
780 1639 827 1677 ab
860 1639 972 1677 hoste
1005 1639 1140 1678 locus.

166 1698 265 1738 Hinc
299 1710 369 1749 ego
403 1699 640 1747 traicerem,
672 1720 719 1726 --
756 1710 884 1749 neque
919 1699 1022 1736 enim
1061 1709 1146 1736 mea
1185 1697 1299 1748 eulpa

899 1762 1062 1796 cruenta
1094 1761 1154 1795 est
1179 1777 1226 1783 —

166 1815 310 1868 Esset,
344 1827 441 1867 quae
475 1815 621 1868 debet,
654 1817 688 1854 si
720 1815 791 1854 tihi
824 1827 919 1854 cura
951 1817 1051 1854 mei.

102 1883 145 1915 35
166 1874 234 1913 1116
267 1874 394 1927 deus,
426 1873 527 1913 hene
561 1886 637 1926 quo
670 1874 843 1913 Romana
876 1876 1050 1926 potentia
1082 1876 1171 1912 nixa
1204 1880 1286 1926 est,

168 1933 291 1984 Saepe
325 1945 396 1972 suo
430 1934 553 1972 victor
584 1933 683 1972 lenis
715 1935 756 1972 in
788 1933 902 1972 hoste
935 1933 1032 1972 suit.

167 1991 268 2037 Quid
301 1991 458 2031 dubitas
490 1998 527 2031 et
560 1997 644 2031 tuta
676 1989 828 2031 times?
878 1991 1019 2030 accede
1052 2003 1250 2042 rogaque:

169 2051 335 2090 Caesare
367 2050 421 2089 nil
453 2052 591 2102 ingens
623 2052 758 2090 mitius
790 2049 897 2089 orbis
929 2049 1069 2088 habet.

168 2110 227 2148 Me
260 2108 475 2148 miserum!
509 2109 602 2161 quid
629 2122 766 2162 agam,
798 2111 831 2148 si
862 2109 1040 2160 proxima
1067 2120 1245 2160 quaeque
1279 2108 1394 2148 relin-

900 2165 1064 2218 quunt?

105 2235 149 2266 40
172 2226 379 2266 Subtrahis
413 2228 574 2266 effracto
607 2233 650 2266 tu
684 2239 842 2278 quoque
875 2226 973 2265 colla
1004 2224 1130 2277 iugo?

168 2285 253 2331 Quo
286 2284 431 2325 ferar?
475 2287 579 2325 unde
611 2291 742 2337 petam
774 2285 886 2324 lassis
919 2284 1060 2324 solacia
1093 2283 1248 2330 rebus?

169 2345 320 2383 Ancora
354 2346 430 2383 iam
462 2352 638 2384 nostram
672 2357 748 2384 non
783 2350 891 2383 tenet
922 2343 999 2383 ulla
1032 2350 1183 2384 ratem.
