1570 2527
573 138 619 172 Π.
646 145 707 171 vn
729 140 877 172 12-84.
1310 135 1390 178 157

226 245 365 285 Infelix
396 247 498 298 perii
529 245 687 285 dotibus
719 247 804 298 ipse
836 247 957 286 meis.

170 305 256 345 Vita
287 306 398 356 prior
430 305 522 343 vitio
555 310 663 344 caret
694 310 734 344 et
765 306 850 344 sine
882 305 966 344 labe
999 310 1179 357 peracta:

102 371 147 403 50
226 363 370 403 Auxilii
400 365 551 402 misero'
577 363 633 402 nil
667 363 758 403 tulit
788 363 853 403 illa
885 364 1001 403 mihi.

167 422 289 474 Culpa
319 424 447 474 gravis
478 422 664 474 precibus
697 423 866 462 donatur
899 435 1014 474 saepe
1048 435 1234 463 suorum:

229 481 365 520 Omnis
397 493 468 533 pro
501 481 614 520 nobis
646 483 769 533 gratia
802 486 908 521 muta
940 482 1037 521 suit.

167 539 334 579 Adiuvat
364 542 404 579 in
437 539 546 579 duris
579 539 708 592 aliqua
739 542 962 591 praesentia
994 540 1138 581 rebus:

227 598 370 638 Obruit
402 599 476 638 hoc
509 598 649 638 absens
681 605 787 638 vasta
818 599 989 651 procella
1023 605 1161 651 caput.

101 664 146 697 55
168 657 265 703 Quis
298 670 377 696 non
408 658 611 697 horruerit
641 659 799 697 tacitam
832 670 989 710 quoque
1023 658 1200 698 Caesaris
1231 655 1364 697 iram?

225 716 365 755 Addita
397 722 491 756 sunt
520 718 658 768 poenis
691 729 829 768 aspera
861 717 978 756 verba
1010 719 1132 758 meis,

166 774 228 814 Fit
259 776 349 826 fuga
381 775 626 826 temporibus
658 775 809 814 levior:
864 777 1066 826 proiectus
1098 778 1139 815 in
1171 788 1318 828 aequor

226 834 440 873 Arcturum
473 833 576 872 subii
608 833 887 885 Pleiadumque
919 836 1067 874 minas.

168 891 292 944 Saepe
325 892 453 931 solent
484 892 653 931 hiemem
684 892 876 944 placidam
908 895 1056 932 sentire
1089 893 1268 932 carinae:
1337 902 1394 934 (60)

102 959 147 991 60
226 951 313 990 Non
344 951 499 990 Ithacae
530 953 653 1003 puppi
686 953 837 991 saevior
869 952 973 990 unda
1006 952 1102 991 fuit.

165 1009 287 1049 Recta
318 1010 416 1050 fides
448 1012 636 1049 comitum
667 1016 823 1062 poterat
853 1010 952 1049 mala
984 1016 1120 1050 nostra
1152 1010 1305 1051 levare:

226 1068 353 1108 Ditata
385 1075 445 1108 est
476 1069 610 1122 spoliis
642 1069 790 1120 perfida
822 1069 938 1108 turha
970 1071 1092 1109 meis.

169 1127 302 1167 Mitius
336 1129 495 1167 exilium
527 1129 677 1167 faciunt
707 1128 820 1168 loca:
876 1130 1029 1168 tristior
1060 1130 1134 1168 ista

225 1186 348 1236 Terra
381 1186 454 1226 sub
486 1186 675 1226 ambobus
701 1199 780 1226 non
812 1188 914 1226 iacet
944 1187 1022 1226 ulla
1054 1188 1180 1238 polis.

103 1253 146 1285 65
166 1244 237 1284 Est
268 1245 413 1296 aliquid
432 1278 443 1298 ‚
474 1247 611 1297 patriis
643 1247 815 1285 vicinum
847 1245 992 1285 finibus
1026 1258 1136 1286 esse:

226 1303 368 1343 Ultima
399 1316 462 1343 me
495 1304 642 1356 tellus,
673 1304 836 1343 ultimus
869 1304 976 1344 orbis
1009 1304 1150 1344 habet.

166 1363 346 1402 Praestat
376 1369 416 1403 et
448 1363 628 1402 exulibus
660 1375 796 1415 pacem
830 1370 896 1402 tua
927 1363 1059 1403 laurea
1078 1395 1089 1415 ‚
1123 1363 1289 1405 Caesar:

225 1421 389 1461 Pontica
419 1423 584 1461 finitimo
616 1428 722 1461 terra
755 1421 828 1461 sub
861 1422 974 1461 hoste
1006 1424 1129 1462 iacet.

167 1480 339 1532 Tempus
370 1482 410 1519 In
443 1493 627 1532 agrorum
659 1480 767 1519 cultu
801 1492 1035 1520 consumere
1068 1481 1183 1520 dulce
1216 1488 1298 1521 est:

109 1548 153 1579 70
232 1539 319 1578 Non
351 1541 499 1591 patitur
530 1540 630 1579 verti
661 1538 852 1578 barbarus
884 1539 1009 1579 hostis
1041 1540 1228 1580 humum.

167 1598 375 1650 Temperie
408 1598 504 1638 caeli
536 1610 759 1650 corpusque
792 1600 1024 1650 animusque
1055 1601 1263 1639 iuvantur:

226 1657 389 1708 Frigore
421 1663 613 1709 perpetuo
647 1657 835 1697 Sarmatis
867 1670 935 1697 ora
966 1659 1091 1709 riget.

167 1715 238 1755 Est
269 1717 310 1755 iu
342 1729 441 1768 aqua
474 1716 578 1755 dulci
610 1728 689 1755 non
720 1716 910 1755 invidiosa
941 1716 1143 1768 voluptas:

227 1775 434 1827 Aequoreo
466 1775 616 1814 bibitur
647 1787 737 1814 cum
771 1774 848 1814 sale
881 1777 1000 1814 mixta
1031 1776 1166 1827 palus.

102 1842 145 1873 75
167 1833 305 1873 Omnia
337 1834 554 1874 deficiunt.
609 1835 761 1873 animus
793 1840 924 1873 tamen
956 1836 1085 1873 omnia
1118 1836 1262 1874 vincit:

226 1892 292 1932 Ille
326 1895 444 1933 etiam
474 1894 578 1932 vires
610 1905 755 1944 corpus
787 1892 932 1932 habere
966 1893 1079 1934 facit.

167 1951 371 1991 Sustineas
403 1957 448 1992 ut
479 1964 608 2004 onus,
641 1951 846 1991 nitendum
877 1953 1024 1991 vertice
1056 1952 1173 2004 pleno
1206 1958 1292 2004 est,

226 2010 303 2049 Aut
333 2010 440 2050 ssecti
470 2022 612 2050 nervos
644 2012 677 2050 si
708 2012 857 2062 patiere
876 2042 887 2062 ‚
919 2011 1055 2050 cades.

168 2068 266 2120 Spes
299 2081 486 2122 quoque,
518 2081 632 2121 posse
664 2081 774 2108 mora
806 2070 1014 2108 mitescere
1047 2069 1238 2121 principis
1270 2071 1391 2122 iram,

101 2135 146 2167 80
226 2127 363 2168 Vivere
396 2141 445 2167 ne
477 2128 597 2167 nolim
629 2128 884 2179 deficiamque
903 2159 914 2180 ‚
948 2135 1080 2167 cavet.

165 2186 245 2226 Nec
276 2199 345 2227 vos
375 2199 494 2240 parva
526 2188 625 2227 datis
656 2189 772 2239 pauci
805 2186 946 2226 solacia
978 2186 1114 2240 nobis,
1333 2197 1391 2229 (61)

226 2245 404 2292 Quorum
437 2252 611 2298 spectata
644 2252 704 2285 est
735 2257 806 2297 per
838 2244 936 2284 mala
969 2251 1103 2284 nostra
1134 2245 1255 2285 fides.

165 2303 312 2356 Coepta
338 2311 451 2358 tene,
473 2317 617 2357 quaeso
631 2337 642 2357 ‚
662 2316 790 2356 neque
817 2305 856 2343 in
878 2316 1049 2356 aequore
1070 2304 1209 2344 desere
1235 2317 1390 2358 navem,

223 2362 364 2415 Meque
396 2364 512 2404 simul
545 2376 656 2404 serva
688 2363 956 2415 iudiciumque
990 2369 1125 2403 tuum.
