1570 2527
551 127 579 159 I.
605 134 632 159 v
653 127 789 159 75—V1
809 127 864 159 54.
1290 122 1373 164 135

204 235 416 276 Scribere.
466 235 627 273 tractari
659 233 820 273 vulnera
852 238 987 272 nostra
1018 234 1182 272 timent.

146 294 431 345 Qualicumque
464 292 579 332 modo
611 292 707 331 mihi
739 293 818 331 sint
850 304 893 330 ea
926 292 1054 343 facta,
1087 303 1224 343 rogare

204 353 376 393 Desine.
426 363 504 391 11011
537 352 659 402 agites
679 382 689 402 ‚
723 352 834 401 siqua
867 351 972 389 coire
1005 350 1125 389 velis.

82 419 127 451 25
148 410 341 463 Quidquid
374 410 412 450 id
446 416 534 463 est,
566 415 611 449 ut
643 421 722 448 non
754 410 935 461 facinus,
969 410 1024 448 sic
1056 408 1169 460 culpa
1203 407 1373 447 vocanda

877 473 958 506 est.

208 528 341 569 Omnis
374 540 422 567 an
454 529 495 567 in
527 539 687 578 magnos
721 526 834 578 culpa
873 526 967 565 deos
1001 525 1129 565 scelus
1162 523 1256 565 est?

149 587 247 639 Spes
277 589 398 639 igitur
431 587 554 625 menti
586 597 763 637 poenae,
797 584 986 624 Graecine
1005 617 1015 636 ,
1049 584 1231 624 levandae

207 645 291 685 Non
324 652 383 685 cst
416 657 461 684 ex
495 651 576 684 toto
609 644 714 684 nulla
747 643 882 683 relicta
916 655 1046 682 meae.

148 704 253 744 Haec
279 705 372 756 dea,
399 716 488 743 cum
515 704 697 755 fugerent
723 702 933 742 sceleratas
959 703 1120 741 numina
1145 707 1298 754 terras,
1316 711 1374 742 (23)

82 771 127 803 30
207 763 250 802 ln
284 763 342 802 dis
374 764 499 801 invisa
532 762 612 801 sola
644 763 833 800 remansit
865 761 1006 799 humo.

147 821 252 861 Haec
284 822 404 871 facit,
437 827 481 860 ut
506 822 608 859 vivat
640 820 767 859 fossor
794 831 951 870 quoque
980 818 1167 869 compede
1194 820 1373 871 vinctus,

205 879 425 931 Liberaque
458 891 478 918 a
511 879 615 918 ferro
649 890 764 918 crura
797 878 928 917 sutura
960 883 1094 929 putet.

146 939 250 979 Haec
283 939 403 990 facit,
436 944 508 990 ut,
541 937 669 976 videat
701 949 790 976 cum
822 942 949 975 terras
982 935 1156 987 undique
1189 935 1336 988 nullas,

206 997 426 1048 Naufragus
457 999 498 1036 in
531 996 670 1035 mediis
702 995 861 1035 brachia
893 997 1012 1034 iactet
1043 996 1178 1046 aquis.

76 1066 120 1098 35
142 1057 267 1108 Saepe
299 1056 467 1108 aliquem
500 1055 637 1095 sollers
668 1055 914 1094 medicorum
946 1066 1040 1093 cura
1073 1053 1256 1106 reliquit,

207 1115 287 1154 Nec
320 1127 410 1166 spes
442 1115 534 1154 huic
565 1126 662 1153 vena
695 1114 901 1153 deficiente
935 1113 1060 1151 cadit.

148 1174 315 1214 Carcere
348 1174 535 1212 dicuntur
567 1172 689 1212 clausi
721 1184 880 1223 sperare
914 1171 1103 1224 salutem,

205 1234 333 1284 Atque
367 1232 507 1283 aliquis
540 1231 717 1283 pendens
748 1233 789 1270 in
822 1243 939 1270 cruce
971 1236 1060 1268 vota
1091 1230 1207 1268 facit.

147 1291 251 1331 Haec
284 1291 355 1330 dea
388 1303 504 1342 quam
536 1290 681 1329 multos
714 1289 852 1341 laqueo
887 1301 956 1329 sua
989 1288 1086 1327 colla
1117 1288 1274 1340 ligantis

83 1359 128 1391 40
207 1349 295 1390 Non
328 1356 387 1389 est
418 1350 620 1401 proposita
651 1361 763 1400 passa
796 1350 927 1399 perire
960 1346 1078 1386 nece!

147 1408 208 1449 Me
241 1421 398 1460 quoque
432 1415 638 1447 conantem
671 1407 795 1458 gladio
829 1408 941 1445 finire
976 1406 1149 1445 dolorem

208 1468 348 1518 Arguit
366 1498 376 1519 ‚
409 1469 552 1506 iniecta
585 1468 859 1516 continuitque
892 1477 1033 1516 manu,

149 1523 363 1578 ‘Quid’que
397 1523 542 1565 ε13615ἱὲ
583 1524 753 1564 lacrimis
784 1535 883 1576 opus
915 1530 1003 1576 est,
1036 1535 1114 1562 non
1147 1519 1375 1575 sanguine‚’

881 1582 978 1621 dixit

208 1640 349 1694 ‘Saepe
382 1655 453 1694 per
484 1642 555 1681 has
587 1641 693 1681 ssecti
723 1643 915 1694 principis
947 1643 1004 1680 ira
1037 1640 1136 1679 solet
1150 1637 1174 1679 ‚²

84 1711 129 1744 45
151 1702 336 1749 Quamvis
369 1708 429 1740 est
461 1702 582 1752 igitur
613 1702 765 1740 meritis
798 1700 970 1739 indebita
1003 1700 1172 1750 nostris,

209 1761 344 1812 Magna
376 1767 506 1799 tamen
540 1771 629 1810 spes
663 1765 722 1798 est
753 1761 794 1798 in
825 1758 998 1798 bonitate
1032 1758 1117 1797 dei.

151 1820 227 1866 Qui
258 1831 308 1858 ne
340 1818 509 1858 difficilis
541 1818 637 1857 mihi
669 1820 748 1870 sit,
782 1817 970 1856 Graecine
990 1848 1000 1868 ‚
1032 1828 1219 1867 precare,

209 1878 353 1918 Confer
386 1884 424 1917 et
456 1879 495 1916 in
528 1883 659 1916 votum
694 1884 737 1916 tu
770 1889 926 1928 quoque
959 1875 1075 1914 verba
1109 1887 1262 1914 meum.

149 1937 273 1988 Inque
305 1936 509 1975 Tomitana
535 1925 681 1975 iacean‘i
713 1935 928 1975 tumulatus
960 1935 1128 1986 harena,

87 2004 131 2037 50
212 1995 253 2034 Si
286 2001 323 2034 te
356 2007 435 2033 non
467 1994 579 2033 nobis
611 1996 685 2034 ista
716 2006 857 2033 vovere
889 1994 1035 2044 liquet.

150 2054 247 2094 Nam
279 2055 390 2105 prius
421 2054 611 2103 incipient
643 2054 765 2093 turris
798 2054 918 2091 vitare
953 2050 1180 2103 columbae,

210 2114 331 2152 Antra
363 2113 468 2151 ferae
488 2144 498 2164 ‚
529 2112 700 2163 pecudes
732 2113 933 2163 gramina,
965 2121 1123 2160 mergus
1156 2121 1299 2161 aquas,
1319 2118 1376 2150 (24)

153 2172 278 2219 Quam
311 2170 408 2210 male
442 2183 484 2209 se
516 2178 690 2222 praestet
721 2171 845 2209 veteri
878 2169 1093 2208 Graecinus
1127 2170 1274 2208 3111160,

210 2230 296 2270 Νο11
327 2231 379 2269 ita
412 2236 504 2269 sunt
537 2230 625 2269 fatis
658 2230 785 2268 omnia
818 2239 930 2267 versa
963 2226 1082 2266 meis!
