1570 2527
202 128 286 169 348
743 131 996 163 FASTORUM

377 237 516 288 Fitque
550 239 609 276 sui
642 244 722 277 toto
754 244 913 289 pectore
945 239 1058 289 plena
1090 239 1174 278 dei.

318 295 387 334 Vix
420 296 523 334 illam
555 296 684 334 subito
717 308 852 347 posses
885 309 1151 349 cognoscere,
1183 303 1290 336 tanto

232 362 298 392 540
380 354 559 392 Sanctior
592 360 630 392 et
661 360 767 393 tanto
787 385 797 405 ,
830 367 945 405 quam
978 355 1121 406 modo,
1153 358 1275 394 maior
1307 361 1412 395 erat.

319 408 454 450 ‘Laeta
487 424 647 451 canam.
703 413 824 463 gaude
845 443 855 463 ,
888 413 1068 452 defuncta
1100 413 1297 452 laboribus
1328 411 1441 453 Inol'

374 469 478 508 Dixit
510 467 570 509 ‘et
601 470 691 509 huic
724 470 866 522 populo
899 483 1086 521 prospera
1119 483 1272 522 semper
1305 471 1412 511 ades!

316 527 468 566 Numen
501 530 578 566 eris
609 529 762 580 pelagi.
821 535 955 567 natum
988 541 1143 580 quoque
1175 536 1320 580 pontus
1352 529 1531 570 habehit.

374 586 418 624 In
450 588 590 625 vestris
623 587 724 625 aliud
758 589 898 626 sumite
931 599 1072 626 nomen
1105 589 1238 638 aquis:

228 652 294 682 545
315 643 535 683 Leucothea
568 645 678 683 Grais
697 676 708 697 ,
739 644 884 684 Matuta
916 646 1102 684 vocabere
1134 647 1302 685 nostris:

374 702 417 741 In
449 709 587 754 portus
619 710 708 742 nato
739 705 800 742 ius
832 705 907 742 erit
938 716 1050 742 omne
1082 710 1173 756 tuo,

316 760 440 806 Quem
471 774 542 799 nos
573 761 790 800 Portunum
809 793 819 812 ,
852 774 921 800 sua
952 763 1081 813 lingua
1111 762 1342 801 Palaemona
1373 763 1498 802 dicet.

375 819 431 858 Ite
450 850 461 871 ,
493 832 634 870 precor
653 851 663 871 ,
695 822 840 858 nostris
872 833 1018 871 aequus
1052 826 1218 872 uterque
1250 819 1389 860 locisl'

315 878 544 926 Annum-at,
575 880 766 928 promissa
798 879 923 917 fides.
980 891 1146 930 posuere
1178 879 1354 918 labores:

229 944 295 975 550
374 935 538 974 Nomina
570 942 798 975 mutarunt.
855 937 918 975 hic
950 936 1074 988 deus,
1106 937 1168 975 illa
1201 937 1272 975 dea
1303 943 1385 976 est.

316 993 393 1032 Cur
425 999 529 1032 vetet
561 994 718 1032 ancillas
751 995 936 1033 accedere
955 1026 965 1045 ,
1000 997 1185 1045 quaeritis
1205 993 1226 1033 ἱ)
1270 995 1374 1034 odit:

373 1052 692 1103 Principiumque
726 1053 832 1104 odii,
864 1055 897 1091 si
929 1055 1029 1091 sinat
1059 1053 1122 1091 illa
1141 1083 1151 1103 ,
1184 1065 1340 1091 canam.

316 1109 397 1148 Una
431 1112 696 1149 ministrarum
730 1111 840 1148 solita
873 1117 959 1161 est,
993 1110 1177 1161 Cadmei,
1209 1117 1366 1150 tuarum

376 1168 497 1219 Saepe
531 1168 603 1206 sub
636 1169 834 1219 amplexus
866 1170 1041 1219 coniugis
1073 1171 1130 1207 ire
1162 1171 1241 1208 tui.
1331 1205 1333 1207 ,

228 1234 294 1264 555
316 1226 522 1276 Improbus
553 1226 652 1265 hanc
685 1227 866 1265 Athamas
898 1228 1032 1265 furtim
1066 1227 1227 1266 dilexit.
1283 1227 1329 1266 ab
1360 1227 1423 1266 illa

374 1284 572 1335 Comperit
603 1285 783 1336 agricolis
815 1287 962 1324 semina
992 1291 1094 1324 tosta
1125 1285 1230 1325 dari.

315 1342 401 1394 ipsa
434 1344 590 1393 quidem
622 1345 761 1382 secisse
794 1350 936 1394 negat,
970 1343 1036 1382 sed
1069 1344 1168 1382 sama
1198 1345 1370 1395 recepit.
1477 1366 1525 1371 ——

374 1400 456 1439 Hoc
490 1408 576 1453 est,
610 1414 680 1440 cur
712 1402 798 1440 odio
833 1403 882 1440 sit
913 1401 984 1440 tihi
1016 1414 1126 1440 serva
1158 1414 1316 1440 manus.

315 1459 401 1497 Non
433 1466 561 1498 tamen
593 1460 692 1499 hanc
724 1473 794 1511 pro
828 1462 949 1511 stirpe
982 1473 1050 1498 sua
1081 1462 1143 1511 pia
1174 1467 1298 1499 mater
1329 1460 1486 1499 adoret.

229 1525 296 1556 560
376 1517 462 1568 Ipsa
493 1530 631 1569 parum
664 1518 753 1556 felix
786 1520 864 1556 visa
896 1520 1015 1557 fuisse
1048 1531 1212 1569 parens.

315 1575 485 1614 Alterius
517 1576 667 1627 prolem
699 1576 837 1615 melius
870 1576 1100 1615 mandabitis
1132 1577 1209 1615 illi.

376 1633 515 1672 Utilior
546 1634 696 1673 Baccho
716 1666 726 1686 ,
759 1647 873 1686 quam
905 1636 978 1673 fuit
1008 1637 1092 1686 ipsa
1125 1637 1228 1674 suis.

316 1691 423 1731 Hanc
456 1693 555 1744 tihi,
588 1690 685 1744 ‘quo
718 1705 906 1744 properas
925 1690 966 1732 ‘3'
999 1699 1216 1732 memorant
1247 1693 1414 1745 dixisse,

1039 1751 1183 1802 Rutili,

375 1805 500 1847 ‘Luce
532 1820 616 1847 mea
647 1809 773 1847 Marso
807 1808 943 1847 consul
974 1808 1020 1846 ab
1052 1809 1163 1847 hoste
1197 1806 1353 1847 cades.'

228 1874 294 1905 565
316 1865 453 1905 Exitus
486 1868 650 1905 accessit
680 1867 838 1918 verbis,
869 1866 1092 1916 flumenque
1125 1866 1261 1905 Toleni

374 1925 623 1976 Purpureum
654 1927 784 1963 mixtis
817 1926 1002 1975 sanguine
1034 1925 1146 1963 fluxit
1177 1926 1309 1975 aquis.

315 1983 520 2022 Proximus
553 1995 676 2022 annus
709 1989 820 2022 erat:
864 1983 1075 2022 Pallantide
1108 1995 1244 2021 caesus
1277 1983 1408 2022 eadem

374 2041 508 2080 DIdIus
541 2041 702 2080 hostiles
733 2043 983 2093 ingeminavit
1015 2053 1130 2092 opes.

315 2098 398 2138 Lux
430 2100 592 2151 eadem,
621 2100 820 2151 Fortuna,
852 2106 918 2138 tua
949 2105 1037 2151 est,
1069 2106 1282 2150 auc-torque
1313 2099 1524 2150 locusque.

228 2166 294 2196 570
376 2158 451 2196 Sed
483 2160 756 2209 superiniectis
789 2159 876 2209 quis
907 2157 1000 2197 latet
1031 2160 1104 2196 iste
1136 2155 1269 2208 togis?

318 2215 475 2255 Servius
508 2223 594 2268 est3
627 2223 665 2255 et
697 2222 848 2255 constat
879 2217 982 2254 enim
1002 2247 1010 2254 .
1067 2216 1134 2254 sed
1167 2227 1280 2254 causa
1312 2215 1457 2254 latendi

374 2273 577 2325 Discrepat
594 2306 605 2326 ,
638 2281 676 2313 et
707 2274 868 2313 dubium
899 2286 960 2312 me
993 2286 1148 2325 quoque
1180 2276 1321 2313 mentis
1352 2273 1490 2313 habet.

315 2331 416 2370 Dum
448 2333 518 2371 dea
549 2334 712 2372 furtivos
744 2333 878 2371 timide
909 2333 1115 2383 profitetur
1147 2344 1320 2384 amores,
1487 2333 1494 2335 ”
