<?xml version="1.0" encoding="UTF-8"?>
<!DOCTYPE html PUBLIC "-//W3C//DTD XHTML 1.0 Transitional//EN"
    "http://www.w3.org/TR/xhtml1/DTD/xhtml1-transitional.dtd">
<html xmlns="http://www.w3.org/1999/xhtml" xml:lang="en" lang="en">
 <head>
  <title>
</title>
<meta http-equiv="Content-Type" content="text/html;charset=utf-8" />
  <meta name='ocr-system' content='tesseract 3.04.00' />
  <meta name='ocr-capabilities' content='ocr_page ocr_carea ocr_par ocr_line ocrx_word'/>
</head>
<body>
  <div class='ocr_page' id='page_1' title='image "./ovidopera03oviduoft_0289.png"; bbox 0 0 1570 2527; ppageno 0'>
   <div class='ocr_carea' id='block_1_1' title="bbox 679 117 1469 157">
    <p class='ocr_par' dir='ltr' id='par_1_1' title="bbox 679 117 1469 157">
     <span class='ocr_line' id='line_1_1' title="bbox 679 117 1469 157; baseline 0.008 -6"><span class='ocrx_word' id='word_1_1' title='bbox 679 119 708 152; x_wconf 92' lang='lat'>1.</span> <span class='ocrx_word' id='word_1_2' title='bbox 734 120 930 152; x_wconf 72' lang='lat' dir='ltr'>eoo-663.</span> <span class='ocrx_word' id='word_1_3' title='bbox 1386 117 1469 157; x_wconf 84' lang='grc'><strong>231</strong></span> 
     </span>
    </p>
   </div>
   <div class='ocr_carea' id='block_1_2' title="bbox 164 226 1304 337">
    <p class='ocr_par' dir='ltr' id='par_1_2' title="bbox 164 226 1304 337">
     <span class='ocr_line' id='line_1_2' title="bbox 164 226 1294 279; baseline -0.002 -12"><span class='ocrx_word' id='word_1_4' title='bbox 164 235 232 268; x_wconf 83' lang='grc'>635</span> <span class='ocrx_word' id='word_1_5' title='bbox 252 228 382 266; x_wconf 86' lang='lat' dir='ltr'>Altera</span> <span class='ocrx_word' id='word_1_6' title='bbox 414 226 517 278; x_wconf 89' lang='lat' dir='ltr'>quod</span> <span class='ocrx_word' id='word_1_7' title='bbox 549 238 667 277; x_wconf 87' lang='lat' dir='ltr'>porro</span> <span class='ocrx_word' id='word_1_8' title='bbox 699 227 826 265; x_wconf 85' lang='lat' dir='ltr'>fuerat</span> <span class='ocrx_word' id='word_1_9' title='bbox 844 258 854 279; x_wconf 92' lang='lat'>,</span> <span class='ocrx_word' id='word_1_10' title='bbox 887 228 1076 265; x_wconf 79' lang='lat' dir='ltr'>cecinisse</span> <span class='ocrx_word' id='word_1_11' title='bbox 1109 231 1294 278; x_wconf 83' lang='lat' dir='ltr'>putatur,</span> 
     </span>
     <span class='ocr_line' id='line_1_3' title="bbox 310 284 1304 337; baseline -0.001 -13"><span class='ocrx_word' id='word_1_12' title='bbox 310 285 469 337; x_wconf 86' lang='lat' dir='ltr'>Altera,</span> <span class='ocrx_word' id='word_1_13' title='bbox 501 297 707 324; x_wconf 86' lang='lat' dir='ltr'>versurum</span> <span class='ocrx_word' id='word_1_14' title='bbox 739 285 943 336; x_wconf 87' lang='lat' dir='ltr'>postmodo</span> <span class='ocrx_word' id='word_1_15' title='bbox 977 284 1166 336; x_wconf 82' lang='lat' dir='ltr'>quidquid</span> <span class='ocrx_word' id='word_1_16' title='bbox 1199 290 1304 323; x_wconf 86' lang='lat' dir='ltr'>erat.</span> 
     </span>
    </p>
   </div>
   <div class='ocr_carea' id='block_1_3' title="bbox 718 375 897 418">
    <p class='ocr_par' dir='ltr' id='par_1_3' title="bbox 718 375 897 418">
     <span class='ocr_line' id='line_1_4' title="bbox 718 375 897 418; baseline 0.006 -1"><span class='ocrx_word' id='word_1_17' title='bbox 718 376 781 417; x_wconf 85' lang='lat'>16.</span> <span class='ocrx_word' id='word_1_18' title='bbox 814 375 897 418; x_wconf 83' lang='lat' dir='ltr'>HC</span> 
     </span>
    </p>
   </div>
   <div class='ocr_carea' id='block_1_4' title="bbox 162 458 1444 1272">
    <p class='ocr_par' dir='ltr' id='par_1_4' title="bbox 162 458 1444 1272">
     <span class='ocr_line' id='line_1_5' title="bbox 251 458 1334 512; baseline -0.002 -12"><span class='ocrx_word' id='word_1_19' title='bbox 251 460 450 512; x_wconf 88' lang='lat' dir='ltr'>Candida,</span> <span class='ocrx_word' id='word_1_20' title='bbox 483 466 520 499; x_wconf 87' lang='lat' dir='ltr'>te</span> <span class='ocrx_word' id='word_1_21' title='bbox 554 462 665 499; x_wconf 89' lang='lat' dir='ltr'>niveo</span> <span class='ocrx_word' id='word_1_22' title='bbox 699 461 829 511; x_wconf 81' lang='lat' dir='ltr'>posuit</span> <span class='ocrx_word' id='word_1_23' title='bbox 861 460 926 498; x_wconf 85' lang='lat' dir='ltr'>lux</span> <span class='ocrx_word' id='word_1_24' title='bbox 958 462 1134 511; x_wconf 87' lang='lat' dir='ltr'>proxima</span> <span class='ocrx_word' id='word_1_25' title='bbox 1167 458 1334 511; x_wconf 88' lang='lat' dir='ltr'>templo,</span> 
     </span>
     <span class='ocr_line' id='line_1_6' title="bbox 311 518 1212 570; baseline -0.001 -12"><span class='ocrx_word' id='word_1_26' title='bbox 311 519 393 564; x_wconf 88' lang='lat' dir='ltr'>Qua</span> <span class='ocrx_word' id='word_1_27' title='bbox 425 520 501 558; x_wconf 87' lang='lat' dir='ltr'>fert</span> <span class='ocrx_word' id='word_1_28' title='bbox 534 518 720 558; x_wconf 89' lang='lat' dir='ltr'>sublimes</span> <span class='ocrx_word' id='word_1_29' title='bbox 752 518 827 557; x_wconf 87' lang='lat' dir='ltr'>alta</span> <span class='ocrx_word' id='word_1_30' title='bbox 858 518 1012 557; x_wconf 82' lang='lat' dir='ltr'>Moneta</span> <span class='ocrx_word' id='word_1_31' title='bbox 1045 518 1212 570; x_wconf 81' lang='lat' dir='ltr'>gradus3</span> 
     </span>
     <span class='ocr_line' id='line_1_7' title="bbox 251 572 1444 629; baseline -0.001 -13"><span class='ocrx_word' id='word_1_32' title='bbox 251 577 362 616; x_wconf 92' lang='lat' dir='ltr'>Nunc</span> <span class='ocrx_word' id='word_1_33' title='bbox 394 577 494 616; x_wconf 89' lang='lat' dir='ltr'>bene</span> <span class='ocrx_word' id='word_1_34' title='bbox 526 578 741 628; x_wconf 81' lang='lat' dir='ltr'>prospicies</span> <span class='ocrx_word' id='word_1_35' title='bbox 774 577 923 615; x_wconf 81' lang='lat' dir='ltr'>Latiam</span> <span class='ocrx_word' id='word_1_36' title='bbox 942 609 952 629; x_wconf 86' lang='lat'>,</span> <span class='ocrx_word' id='word_1_37' title='bbox 985 577 1229 625; x_wconf 84' lang='lat' dir='ltr'>Concordia,</span> <span class='ocrx_word' id='word_1_38' title='bbox 1264 572 1444 616; x_wconf 82' lang='lat' dir='ltr'>turbam:</span> 
     </span>
     <span class='ocr_line' id='line_1_8' title="bbox 163 636 1164 676; baseline -0.001 -1"><span class='ocrx_word' id='word_1_39' title='bbox 163 644 231 676; x_wconf 86' lang='grc'>640</span> <span class='ocrx_word' id='word_1_40' title='bbox 311 636 423 675; x_wconf 90' lang='lat' dir='ltr'>Nunc</span> <span class='ocrx_word' id='word_1_41' title='bbox 455 642 493 675; x_wconf 91' lang='lat' dir='ltr'>te</span> <span class='ocrx_word' id='word_1_42' title='bbox 526 642 698 674; x_wconf 87' lang='lat' dir='ltr'>sacratae</span> <span class='ocrx_word' id='word_1_43' title='bbox 731 637 971 674; x_wconf 85' lang='lat' dir='ltr'>constituere</span> <span class='ocrx_word' id='word_1_44' title='bbox 1005 648 1164 674; x_wconf 89' lang='lat' dir='ltr'>manus.</span> 
     </span>
     <span class='ocr_line' id='line_1_9' title="bbox 251 694 1276 746; baseline -0.001 -13"><span class='ocrx_word' id='word_1_45' title='bbox 251 694 394 733; x_wconf 90' lang='lat' dir='ltr'>Furius</span> <span class='ocrx_word' id='word_1_46' title='bbox 427 696 656 746; x_wconf 78' lang='lat' dir='ltr'>antiquam,</span> <span class='ocrx_word' id='word_1_47' title='bbox 688 694 823 746; x_wconf 92' lang='lat' dir='ltr'>populi</span> <span class='ocrx_word' id='word_1_48' title='bbox 855 700 1060 745; x_wconf 83' lang='lat' dir='ltr'>superator</span> <span class='ocrx_word' id='word_1_49' title='bbox 1092 694 1276 746; x_wconf 79' lang='lat' dir='ltr'>Etrusci,</span> 
     </span>
     <span class='ocr_line' id='line_1_10' title="bbox 309 752 1148 804; baseline 0.001 -14"><span class='ocrx_word' id='word_1_50' title='bbox 309 752 501 804; x_wconf 85' lang='lat' dir='ltr'>Voverat,</span> <span class='ocrx_word' id='word_1_51' title='bbox 535 759 573 792; x_wconf 83' lang='lat' dir='ltr'>et</span> <span class='ocrx_word' id='word_1_52' title='bbox 605 754 683 791; x_wconf 85' lang='lat' dir='ltr'>voti</span> <span class='ocrx_word' id='word_1_53' title='bbox 715 752 883 791; x_wconf 85' lang='lat' dir='ltr'>solverat</span> <span class='ocrx_word' id='word_1_54' title='bbox 914 753 977 791; x_wconf 91' lang='lat' dir='ltr'>ille</span> <span class='ocrx_word' id='word_1_55' title='bbox 1011 752 1148 791; x_wconf 82' lang='lat' dir='ltr'>iidem.</span> 
     </span>
     <span class='ocr_line' id='line_1_11' title="bbox 254 810 1403 863; baseline -0.001 -13"><span class='ocrx_word' id='word_1_56' title='bbox 254 810 405 863; x_wconf 84' lang='lat' dir='ltr'>Causa,</span> <span class='ocrx_word' id='word_1_57' title='bbox 439 811 542 862; x_wconf 90' lang='lat' dir='ltr'>quod</span> <span class='ocrx_word' id='word_1_58' title='bbox 574 823 594 849; x_wconf 91' lang='lat' dir='ltr'>a</span> <span class='ocrx_word' id='word_1_59' title='bbox 626 811 804 862; x_wconf 85' lang='lat' dir='ltr'>patribus</span> <span class='ocrx_word' id='word_1_60' title='bbox 837 813 1002 862; x_wconf 87' lang='lat' dir='ltr'>sumptis</span> <span class='ocrx_word' id='word_1_61' title='bbox 1035 816 1252 849; x_wconf 87' lang='lat' dir='ltr'>secesserat</span> <span class='ocrx_word' id='word_1_62' title='bbox 1285 811 1403 849; x_wconf 89' lang='lat' dir='ltr'>armis</span> 
     </span>
     <span class='ocr_line' id='line_1_12' title="bbox 310 869 1282 921; baseline 0.001 -15"><span class='ocrx_word' id='word_1_63' title='bbox 310 869 482 921; x_wconf 81' lang='lat' dir='ltr'>Volgus,</span> <span class='ocrx_word' id='word_1_64' title='bbox 515 876 554 907; x_wconf 83' lang='lat' dir='ltr'>et</span> <span class='ocrx_word' id='word_1_65' title='bbox 585 871 668 919; x_wconf 91' lang='lat' dir='ltr'>ipsa</span> <span class='ocrx_word' id='word_1_66' title='bbox 701 881 790 908; x_wconf 85' lang='lat' dir='ltr'>suas</span> <span class='ocrx_word' id='word_1_67' title='bbox 823 869 944 907; x_wconf 85' lang='lat' dir='ltr'>Roma</span> <span class='ocrx_word' id='word_1_68' title='bbox 977 869 1138 908; x_wconf 86' lang='lat' dir='ltr'>timebat</span> <span class='ocrx_word' id='word_1_69' title='bbox 1170 881 1282 920; x_wconf 88' lang='lat' dir='ltr'>opes.</span> 
     </span>
     <span class='ocr_line' id='line_1_13' title="bbox 162 927 1319 978; baseline -0.003 -10"><span class='ocrx_word' id='word_1_70' title='bbox 162 936 230 969; x_wconf 76' lang='lat'>045</span> <span class='ocrx_word' id='word_1_71' title='bbox 252 928 376 967; x_wconf 85' lang='lat' dir='ltr'>Causa</span> <span class='ocrx_word' id='word_1_72' title='bbox 408 940 547 966; x_wconf 78' lang='lat' dir='ltr'>recens</span> <span class='ocrx_word' id='word_1_73' title='bbox 579 927 740 967; x_wconf 88' lang='lat' dir='ltr'>melior:</span> <span class='ocrx_word' id='word_1_74' title='bbox 784 939 918 978; x_wconf 89' lang='lat' dir='ltr'>passos</span> <span class='ocrx_word' id='word_1_75' title='bbox 951 927 1157 966; x_wconf 78' lang='lat' dir='ltr'>Germania</span> <span class='ocrx_word' id='word_1_76' title='bbox 1190 928 1319 966; x_wconf 89' lang='lat' dir='ltr'>crines</span> 
     </span>
     <span class='ocr_line' id='line_1_14' title="bbox 309 986 1249 1038; baseline 0 -14"><span class='ocrx_word' id='word_1_77' title='bbox 309 986 479 1037; x_wconf 85' lang='lat' dir='ltr'>Corrigit</span> <span class='ocrx_word' id='word_1_78' title='bbox 510 988 723 1038; x_wconf 77' lang='lat' dir='ltr'>auspiciis,</span> <span class='ocrx_word' id='word_1_79' title='bbox 756 986 834 1024; x_wconf 82' lang='lat' dir='ltr'>dux</span> <span class='ocrx_word' id='word_1_80' title='bbox 867 986 1085 1025; x_wconf 87' lang='lat' dir='ltr'>venerande</span> <span class='ocrx_word' id='word_1_81' title='bbox 1105 1018 1116 1038; x_wconf 90' lang='lat'>,</span> <span class='ocrx_word' id='word_1_82' title='bbox 1149 987 1249 1025; x_wconf 87' lang='lat' dir='ltr'>tuis.</span> 
     </span>
     <span class='ocr_line' id='line_1_15' title="bbox 253 1044 1180 1097; baseline -0.001 -13"><span class='ocrx_word' id='word_1_83' title='bbox 253 1045 346 1084; x_wconf 87' lang='lat' dir='ltr'>Inde</span> <span class='ocrx_word' id='word_1_84' title='bbox 379 1045 640 1096; x_wconf 86' lang='lat' dir='ltr'>triumphatae</span> <span class='ocrx_word' id='word_1_85' title='bbox 673 1044 803 1083; x_wconf 84' lang='lat' dir='ltr'>libasti</span> <span class='ocrx_word' id='word_1_86' title='bbox 835 1057 997 1084; x_wconf 85' lang='lat' dir='ltr'>munera</span> <span class='ocrx_word' id='word_1_87' title='bbox 1030 1046 1180 1097; x_wconf 81' lang='lat' dir='ltr'>gentis,</span> 
     </span>
     <span class='ocr_line' id='line_1_16' title="bbox 310 1102 1309 1156; baseline -0.001 -14"><span class='ocrx_word' id='word_1_88' title='bbox 310 1103 549 1155; x_wconf 87' lang='lat' dir='ltr'>Templaque</span> <span class='ocrx_word' id='word_1_89' title='bbox 582 1104 740 1156; x_wconf 84' lang='lat' dir='ltr'>fecisti,</span> <span class='ocrx_word' id='word_1_90' title='bbox 773 1115 888 1154; x_wconf 85' lang='lat' dir='ltr'>quam</span> <span class='ocrx_word' id='word_1_91' title='bbox 920 1103 1015 1142; x_wconf 89' lang='lat' dir='ltr'>colis</span> <span class='ocrx_word' id='word_1_92' title='bbox 1046 1105 1129 1154; x_wconf 89' lang='lat' dir='ltr'>ipse</span> <span class='ocrx_word' id='word_1_93' title='bbox 1149 1135 1159 1155; x_wconf 91' lang='lat'>,</span> <span class='ocrx_word' id='word_1_94' title='bbox 1192 1102 1309 1141; x_wconf 89' lang='lat' dir='ltr'>deae.</span> 
     </span>
     <span class='ocr_line' id='line_1_17' title="bbox 250 1162 1315 1214; baseline -0.001 -13"><span class='ocrx_word' id='word_1_95' title='bbox 250 1162 354 1201; x_wconf 89' lang='lat' dir='ltr'>Haec</span> <span class='ocrx_word' id='word_1_96' title='bbox 388 1168 453 1201; x_wconf 86' lang='lat' dir='ltr'>tua</span> <span class='ocrx_word' id='word_1_97' title='bbox 485 1163 690 1201; x_wconf 87' lang='lat' dir='ltr'>constituit</span> <span class='ocrx_word' id='word_1_98' title='bbox 721 1164 900 1212; x_wconf 81' lang='lat' dir='ltr'>genetrix</span> <span class='ocrx_word' id='word_1_99' title='bbox 933 1168 970 1201; x_wconf 90' lang='lat' dir='ltr'>et</span> <span class='ocrx_word' id='word_1_100' title='bbox 1001 1162 1120 1200; x_wconf 90' lang='lat' dir='ltr'>rebus</span> <span class='ocrx_word' id='word_1_101' title='bbox 1154 1168 1193 1201; x_wconf 88' lang='lat' dir='ltr'>et</span> <span class='ocrx_word' id='word_1_102' title='bbox 1224 1172 1315 1214; x_wconf 87' lang='lat' dir='ltr'>ara,</span> 
     </span>
     <span class='ocr_line' id='line_1_18' title="bbox 162 1220 1165 1272; baseline -0.002 -11"><span class='ocrx_word' id='word_1_103' title='bbox 162 1228 231 1261; x_wconf 88' lang='lat'>550</span> <span class='ocrx_word' id='word_1_104' title='bbox 307 1221 395 1260; x_wconf 87' lang='lat' dir='ltr'>Sola</span> <span class='ocrx_word' id='word_1_105' title='bbox 428 1227 515 1259; x_wconf 89' lang='lat' dir='ltr'>toro</span> <span class='ocrx_word' id='word_1_106' title='bbox 546 1222 676 1272; x_wconf 87' lang='lat' dir='ltr'>magni</span> <span class='ocrx_word' id='word_1_107' title='bbox 708 1220 822 1271; x_wconf 82' lang='lat' dir='ltr'>digna</span> <span class='ocrx_word' id='word_1_108' title='bbox 854 1226 1010 1271; x_wconf 87' lang='lat' dir='ltr'>reperta</span> <span class='ocrx_word' id='word_1_109' title='bbox 1042 1220 1165 1259; x_wconf 91' lang='lat' dir='ltr'>Iovis.</span> 
     </span>
    </p>
   </div>
   <div class='ocr_carea' id='block_1_5' title="bbox 355 1309 1255 1412">
    <p class='ocr_par' dir='ltr' id='par_1_5' title="bbox 355 1309 1255 1412">
     <span class='ocr_line' id='line_1_19' title="bbox 355 1309 1255 1354; baseline 0 -1"><span class='ocrx_word' id='word_1_110' title='bbox 355 1312 420 1353; x_wconf 82' lang='lat'>17.</span> <span class='ocrx_word' id='word_1_111' title='bbox 453 1310 533 1354; x_wconf 79' lang='lat' dir='ltr'>AO</span> <span class='ocrx_word' id='word_1_112' title='bbox 599 1312 663 1353; x_wconf 84' lang='lat'>18.</span> <span class='ocrx_word' id='word_1_113' title='bbox 698 1309 774 1352; x_wconf 82' lang='lat' dir='ltr'>BC</span> <span class='ocrx_word' id='word_1_114' title='bbox 842 1312 904 1353; x_wconf 85' lang='lat'>19.</span> <span class='ocrx_word' id='word_1_115' title='bbox 938 1310 1011 1353; x_wconf 81' lang='lat' dir='ltr'>CC</span> <span class='ocrx_word' id='word_1_116' title='bbox 1074 1312 1140 1353; x_wconf 79' lang='lat'>20.</span> <span class='ocrx_word' id='word_1_117' title='bbox 1174 1309 1255 1353; x_wconf 80' lang='lat' dir='ltr'>DC</span> 
     </span>
     <span class='ocr_line' id='line_1_20' title="bbox 473 1369 1126 1412; baseline 0.002 -1"><span class='ocrx_word' id='word_1_118' title='bbox 473 1371 540 1412; x_wconf 82' lang='lat'>21.</span> <span class='ocrx_word' id='word_1_119' title='bbox 572 1369 651 1412; x_wconf 84' lang='lat' dir='ltr'>EC</span> <span class='ocrx_word' id='word_1_120' title='bbox 714 1370 779 1411; x_wconf 77' lang='lat'>22.</span> <span class='ocrx_word' id='word_1_121' title='bbox 812 1369 887 1412; x_wconf 80' lang='lat' dir='ltr'>FO</span> <span class='ocrx_word' id='word_1_122' title='bbox 949 1370 1016 1412; x_wconf 78' lang='lat'>23.</span> <span class='ocrx_word' id='word_1_123' title='bbox 1049 1369 1126 1412; x_wconf 82' lang='lat' dir='ltr'>GC</span> 
     </span>
    </p>
   </div>
   <div class='ocr_carea' id='block_1_6' title="bbox 166 1453 1435 1800">
    <p class='ocr_par' dir='ltr' id='par_1_6' title="bbox 251 1453 1435 1623">
     <span class='ocr_line' id='line_1_21' title="bbox 251 1453 1435 1507; baseline -0.001 -14"><span class='ocrx_word' id='word_1_124' title='bbox 251 1453 356 1493; x_wconf 89' lang='lat' dir='ltr'>Haec</span> <span class='ocrx_word' id='word_1_125' title='bbox 388 1454 457 1493; x_wconf 89' lang='lat' dir='ltr'>ubi</span> <span class='ocrx_word' id='word_1_126' title='bbox 488 1456 746 1505; x_wconf 83' lang='lat' dir='ltr'>transierint,</span> <span class='ocrx_word' id='word_1_127' title='bbox 780 1454 1047 1506; x_wconf 85' lang='lat' dir='ltr'>Capricorno,</span> <span class='ocrx_word' id='word_1_128' title='bbox 1080 1454 1265 1507; x_wconf 88' lang='lat' dir='ltr'>Phoebe,</span> <span class='ocrx_word' id='word_1_129' title='bbox 1298 1453 1435 1494; x_wconf 87' lang='lat' dir='ltr'>relicto</span> 
     </span>
     <span class='ocr_line' id='line_1_22' title="bbox 310 1512 1280 1565; baseline 0.001 -14"><span class='ocrx_word' id='word_1_130' title='bbox 310 1512 385 1551; x_wconf 91' lang='lat' dir='ltr'>Per</span> <span class='ocrx_word' id='word_1_131' title='bbox 416 1514 568 1552; x_wconf 89' lang='lat' dir='ltr'>iuvenis</span> <span class='ocrx_word' id='word_1_132' title='bbox 601 1525 738 1552; x_wconf 87' lang='lat' dir='ltr'>curres</span> <span class='ocrx_word' id='word_1_133' title='bbox 772 1515 880 1563; x_wconf 88' lang='lat' dir='ltr'>signa</span> <span class='ocrx_word' id='word_1_134' title='bbox 913 1515 1085 1564; x_wconf 85' lang='lat' dir='ltr'>gerentis</span> <span class='ocrx_word' id='word_1_135' title='bbox 1118 1525 1280 1565; x_wconf 86' lang='lat' dir='ltr'>aquam.</span> 
     </span>
     <span class='ocr_line' id='line_1_23' title="bbox 252 1570 1338 1623; baseline 0 -13"><span class='ocrx_word' id='word_1_136' title='bbox 252 1570 451 1622; x_wconf 88' lang='lat' dir='ltr'>Septimus</span> <span class='ocrx_word' id='word_1_137' title='bbox 484 1571 573 1610; x_wconf 91' lang='lat' dir='ltr'>hinc</span> <span class='ocrx_word' id='word_1_138' title='bbox 607 1573 737 1610; x_wconf 89' lang='lat' dir='ltr'>oriens</span> <span class='ocrx_word' id='word_1_139' title='bbox 770 1584 859 1610; x_wconf 90' lang='lat' dir='ltr'>cum</span> <span class='ocrx_word' id='word_1_140' title='bbox 892 1584 932 1610; x_wconf 87' lang='lat' dir='ltr'>se</span> <span class='ocrx_word' id='word_1_141' title='bbox 966 1572 1168 1611; x_wconf 80' lang='lat' dir='ltr'>demiserit</span> <span class='ocrx_word' id='word_1_142' title='bbox 1200 1571 1338 1623; x_wconf 86' lang='lat' dir='ltr'>undis,</span> 
     </span>
    </p>

    <p class='ocr_par' dir='ltr' id='par_1_7' title="bbox 166 1629 1306 1800">
     <span class='ocr_line' id='line_1_24' title="bbox 313 1629 1126 1681; baseline 0.001 -13"><span class='ocrx_word' id='word_1_143' title='bbox 313 1629 493 1681; x_wconf 87' lang='lat' dir='ltr'>Fulgebit</span> <span class='ocrx_word' id='word_1_144' title='bbox 525 1635 606 1668; x_wconf 88' lang='lat' dir='ltr'>toto</span> <span class='ocrx_word' id='word_1_145' title='bbox 638 1631 714 1668; x_wconf 88' lang='lat' dir='ltr'>iam</span> <span class='ocrx_word' id='word_1_146' title='bbox 746 1629 846 1681; x_wconf 69' lang='lat' dir='ltr'>Lyra</span> <span class='ocrx_word' id='word_1_147' title='bbox 878 1630 982 1669; x_wconf 90' lang='lat' dir='ltr'>nulla</span> <span class='ocrx_word' id='word_1_148' title='bbox 1014 1631 1126 1681; x_wconf 83' lang='lat' dir='ltr'>polo.</span> 
     </span>
     <span class='ocr_line' id='line_1_25' title="bbox 166 1687 1232 1739; baseline -0.001 -11"><span class='ocrx_word' id='word_1_149' title='bbox 166 1695 234 1728; x_wconf 78' lang='lat'>655</span> <span class='ocrx_word' id='word_1_150' title='bbox 255 1687 392 1727; x_wconf 87' lang='lat' dir='ltr'>Sidere</span> <span class='ocrx_word' id='word_1_151' title='bbox 425 1689 472 1727; x_wconf 89' lang='lat' dir='ltr'>ab</span> <span class='ocrx_word' id='word_1_152' title='bbox 504 1688 577 1727; x_wconf 92' lang='lat' dir='ltr'>hoc</span> <span class='ocrx_word' id='word_1_153' title='bbox 609 1689 709 1739; x_wconf 85' lang='lat' dir='ltr'>ignis</span> <span class='ocrx_word' id='word_1_154' title='bbox 741 1690 912 1727; x_wconf 81' lang='lat' dir='ltr'>venienti</span> <span class='ocrx_word' id='word_1_155' title='bbox 944 1696 1058 1728; x_wconf 88' lang='lat' dir='ltr'>nocte</span> <span class='ocrx_word' id='word_1_156' title='bbox 1091 1689 1232 1727; x_wconf 91' lang='lat' dir='ltr'>Leonis</span> 
     </span>
     <span class='ocr_line' id='line_1_26' title="bbox 312 1719 1306 1800; baseline 0 -14"><span class='ocrx_word' id='word_1_157' title='bbox 312 1746 388 1792; x_wconf 87' lang='lat' dir='ltr'>Qui</span> <span class='ocrx_word' id='word_1_158' title='bbox 420 1749 536 1786; x_wconf 86' lang='lat' dir='ltr'>micat</span> <span class='ocrx_word' id='word_1_159' title='bbox 567 1748 607 1785; x_wconf 90' lang='lat' dir='ltr'>in</span> <span class='ocrx_word' id='word_1_160' title='bbox 624 1719 766 1785; x_wconf 65' lang='lat' dir='ltr'>emedio</span> <span class='ocrx_word' id='word_1_161' title='bbox 800 1754 960 1798; x_wconf 84' lang='lat' dir='ltr'>pectore</span> <span class='ocrx_word' id='word_1_162' title='bbox 979 1778 990 1800; x_wconf 90' lang='lat'>,</span> <span class='ocrx_word' id='word_1_163' title='bbox 1023 1760 1175 1787; x_wconf 85' lang='lat' dir='ltr'>mersus</span> <span class='ocrx_word' id='word_1_164' title='bbox 1209 1748 1306 1786; x_wconf 87' lang='lat' dir='ltr'>erit.</span> 
     </span>
    </p>
   </div>
   <div class='ocr_carea' id='block_1_7' title="bbox 467 1837 1133 1881">
    <p class='ocr_par' dir='ltr' id='par_1_8' title="bbox 467 1837 1133 1881">
     <span class='ocr_line' id='line_1_27' title="bbox 467 1837 1133 1881; baseline 0.002 -1"><span class='ocrx_word' id='word_1_165' title='bbox 467 1838 535 1880; x_wconf 80' lang='lat'>24.</span> <span class='ocrx_word' id='word_1_166' title='bbox 567 1837 650 1881; x_wconf 82' lang='lat' dir='ltr'>HG</span> <span class='ocrx_word' id='word_1_167' title='bbox 713 1838 780 1880; x_wconf 82' lang='lat'>25.</span> <span class='ocrx_word' id='word_1_168' title='bbox 814 1837 894 1881; x_wconf 81' lang='lat' dir='ltr'>AO</span> <span class='ocrx_word' id='word_1_169' title='bbox 956 1839 1022 1881; x_wconf 81' lang='lat'>26.</span> <span class='ocrx_word' id='word_1_170' title='bbox 1055 1837 1133 1881; x_wconf 85' lang='lat' dir='ltr'>BC</span> 
     </span>
    </p>
   </div>
   <div class='ocr_carea' id='block_1_8' title="bbox 163 1922 1421 2386">
    <p class='ocr_par' dir='ltr' id='par_1_9' title="bbox 251 1922 1274 2033">
     <span class='ocr_line' id='line_1_28' title="bbox 251 1922 1274 1976; baseline 0.003 -16"><span class='ocrx_word' id='word_1_171' title='bbox 251 1922 329 1961; x_wconf 91' lang='lat' dir='ltr'>Ter</span> <span class='ocrx_word' id='word_1_172' title='bbox 362 1928 500 1973; x_wconf 88' lang='lat' dir='ltr'>quater</span> <span class='ocrx_word' id='word_1_173' title='bbox 532 1922 656 1961; x_wconf 90' lang='lat' dir='ltr'>evolvi</span> <span class='ocrx_word' id='word_1_174' title='bbox 689 1924 888 1974; x_wconf 83' lang='lat' dir='ltr'>signantes</span> <span class='ocrx_word' id='word_1_175' title='bbox 921 1930 1097 1975; x_wconf 89' lang='lat' dir='ltr'>tempora</span> <span class='ocrx_word' id='word_1_176' title='bbox 1130 1924 1274 1976; x_wconf 87' lang='lat' dir='ltr'>fastos,</span> 
     </span>
     <span class='ocr_line' id='line_1_29' title="bbox 312 1980 1179 2033; baseline 0.001 -14"><span class='ocrx_word' id='word_1_177' title='bbox 312 1980 391 2019; x_wconf 88' lang='lat' dir='ltr'>Nec</span> <span class='ocrx_word' id='word_1_178' title='bbox 425 1981 650 2020; x_wconf 79' lang='lat' dir='ltr'>Sementiua</span> <span class='ocrx_word' id='word_1_179' title='bbox 683 1987 743 2020; x_wconf 88' lang='lat' dir='ltr'>est</span> <span class='ocrx_word' id='word_1_180' title='bbox 775 1981 852 2020; x_wconf 85' lang='lat' dir='ltr'>ulla</span> <span class='ocrx_word' id='word_1_181' title='bbox 884 1989 1040 2033; x_wconf 88' lang='lat' dir='ltr'>reperta</span> <span class='ocrx_word' id='word_1_182' title='bbox 1073 1982 1179 2021; x_wconf 90' lang='lat' dir='ltr'>dies:</span> 
     </span>
    </p>

    <p class='ocr_par' dir='ltr' id='par_1_10' title="bbox 251 2037 1421 2093">
     <span class='ocr_line' id='line_1_30' title="bbox 251 2037 1421 2093; baseline 0.001 -15"><span class='ocrx_word' id='word_1_183' title='bbox 251 2038 348 2078; x_wconf 90' lang='lat' dir='ltr'>Cum</span> <span class='ocrx_word' id='word_1_184' title='bbox 380 2039 474 2078; x_wconf 90' lang='lat' dir='ltr'>mihi</span> <span class='ocrx_word' id='word_1_185' title='bbox 499 2060 546 2067; x_wconf 91' lang='lat'>—</span> <span class='ocrx_word' id='word_1_186' title='bbox 578 2041 701 2078; x_wconf 85' lang='lat' dir='ltr'>sensit</span> <span class='ocrx_word' id='word_1_187' title='bbox 733 2041 837 2078; x_wconf 90' lang='lat' dir='ltr'>enim</span> <span class='ocrx_word' id='word_1_188' title='bbox 864 2062 907 2067; x_wconf 99' lang='lat'>—</span> <span class='ocrx_word' id='word_1_189' title='bbox 941 2037 1027 2079; x_wconf 72' lang='lat' dir='ltr'>‘lux</span> <span class='ocrx_word' id='word_1_190' title='bbox 1061 2041 1155 2079; x_wconf 89' lang='lat' dir='ltr'>haec</span> <span class='ocrx_word' id='word_1_191' title='bbox 1187 2037 1421 2093; x_wconf 87' lang='lat' dir='ltr'>indicitur,&#39;</span> 
     </span>
    </p>

    <p class='ocr_par' dir='ltr' id='par_1_11' title="bbox 163 2100 1337 2209">
     <span class='ocr_line' id='line_1_31' title="bbox 979 2100 1106 2150; baseline 0 -13"><span class='ocrx_word' id='word_1_192' title='bbox 979 2100 1106 2150; x_wconf 83' lang='lat' dir='ltr'>inquit</span> 
     </span>
     <span class='ocr_line' id='line_1_32' title="bbox 163 2153 1337 2209; baseline 0.002 -14"><span class='ocrx_word' id='word_1_193' title='bbox 163 2163 231 2195; x_wconf 83' lang='grc'>660</span> <span class='ocrx_word' id='word_1_194' title='bbox 310 2156 421 2196; x_wconf 86' lang='lat' dir='ltr'>Musa</span> <span class='ocrx_word' id='word_1_195' title='bbox 454 2153 570 2208; x_wconf 75' lang='lat' dir='ltr'>‘quid</span> <span class='ocrx_word' id='word_1_196' title='bbox 603 2169 624 2195; x_wconf 91' lang='lat' dir='ltr'>a</span> <span class='ocrx_word' id='word_1_197' title='bbox 656 2157 764 2196; x_wconf 82' lang='lat' dir='ltr'>fastis</span> <span class='ocrx_word' id='word_1_198' title='bbox 797 2169 876 2196; x_wconf 89' lang='lat' dir='ltr'>non</span> <span class='ocrx_word' id='word_1_199' title='bbox 908 2163 1006 2196; x_wconf 85' lang='lat' dir='ltr'>stata</span> <span class='ocrx_word' id='word_1_200' title='bbox 1039 2170 1148 2196; x_wconf 88' lang='lat' dir='ltr'>sacra</span> <span class='ocrx_word' id='word_1_201' title='bbox 1180 2159 1281 2209; x_wconf 86' lang='lat' dir='ltr'>petis</span> <span class='ocrx_word' id='word_1_202' title='bbox 1294 2155 1337 2198; x_wconf 82' lang='lat'>?’</span> 
     </span>
    </p>

    <p class='ocr_par' dir='ltr' id='par_1_12' title="bbox 250 2214 1305 2326">
     <span class='ocr_line' id='line_1_33' title="bbox 250 2214 1305 2269; baseline 0.003 -16"><span class='ocrx_word' id='word_1_203' title='bbox 250 2214 378 2265; x_wconf 85' lang='lat' dir='ltr'>thue</span> <span class='ocrx_word' id='word_1_204' title='bbox 410 2216 493 2254; x_wconf 89' lang='lat' dir='ltr'>dies</span> <span class='ocrx_word' id='word_1_205' title='bbox 524 2217 674 2255; x_wconf 90' lang='lat' dir='ltr'>incerta</span> <span class='ocrx_word' id='word_1_206' title='bbox 706 2227 817 2254; x_wconf 90' lang='lat' dir='ltr'>sacro</span> <span class='ocrx_word' id='word_1_207' title='bbox 837 2247 848 2267; x_wconf 91' lang='lat'>,</span> <span class='ocrx_word' id='word_1_208' title='bbox 880 2217 936 2254; x_wconf 89' lang='lat' dir='ltr'>sic</span> <span class='ocrx_word' id='word_1_209' title='bbox 968 2222 1144 2268; x_wconf 85' lang='lat' dir='ltr'>tempora</span> <span class='ocrx_word' id='word_1_210' title='bbox 1175 2222 1305 2269; x_wconf 88' lang='lat' dir='ltr'>certa,</span> 
     </span>
     <span class='ocr_line' id='line_1_34' title="bbox 310 2273 1147 2326; baseline 0.002 -14"><span class='ocrx_word' id='word_1_211' title='bbox 310 2273 532 2313; x_wconf 89' lang='lat' dir='ltr'>Seminibus</span> <span class='ocrx_word' id='word_1_212' title='bbox 563 2275 675 2313; x_wconf 88' lang='lat' dir='ltr'>iactis</span> <span class='ocrx_word' id='word_1_213' title='bbox 707 2280 768 2313; x_wconf 86' lang='lat' dir='ltr'>est</span> <span class='ocrx_word' id='word_1_214' title='bbox 798 2273 867 2313; x_wconf 80' lang='lat' dir='ltr'>ubi</span> <span class='ocrx_word' id='word_1_215' title='bbox 898 2275 1001 2313; x_wconf 84' lang='lat' dir='ltr'>fetus</span> <span class='ocrx_word' id='word_1_216' title='bbox 1034 2287 1147 2326; x_wconf 83' lang='lat' dir='ltr'>ager.</span> 
     </span>
    </p>

    <p class='ocr_par' dir='ltr' id='par_1_13' title="bbox 251 2331 1288 2386">
     <span class='ocr_line' id='line_1_35' title="bbox 251 2331 1288 2386; baseline 0.003 -16"><span class='ocrx_word' id='word_1_217' title='bbox 251 2331 358 2371; x_wconf 86' lang='lat' dir='ltr'>State</span> <span class='ocrx_word' id='word_1_218' title='bbox 389 2334 565 2372; x_wconf 86' lang='lat' dir='ltr'>coronati</span> <span class='ocrx_word' id='word_1_219' title='bbox 595 2333 754 2384; x_wconf 85' lang='lat' dir='ltr'>plenum</span> <span class='ocrx_word' id='word_1_220' title='bbox 788 2332 834 2372; x_wconf 88' lang='lat' dir='ltr'>ad</span> <span class='ocrx_word' id='word_1_221' title='bbox 865 2345 1077 2386; x_wconf 85' lang='lat' dir='ltr'>praesaepe</span> <span class='ocrx_word' id='word_1_222' title='bbox 1109 2335 1288 2373; x_wconf 84' lang='lat' dir='ltr'>iuvenci:</span> 
     </span>
    </p>
   </div>
  </div>
 </body>
</html>
