1570 2527
603 147 644 179 V.
674 148 867 179 160-23-2.
1316 143 1400 185 317

180 254 332 294 Chloris
365 266 498 306 eram,
531 254 698 305 nymphe
732 256 857 305 campi
891 254 1043 306 felicis,
1076 253 1142 293 ubi
1175 253 1285 292 audis

238 313 334 352 Rem
367 313 575 352 fortunatis
608 319 696 351 ante
730 313 850 352 fuisse
884 314 999 351 viris.

179 371 285 417 Quae
313 372 428 410 fuerit
457 371 551 409 mihi
578 371 724 422 forma,
757 383 871 422 grave
909 377 968 409 est
994 383 1153 409 narrare
1182 370 1400 422 modestae3

92 438 159 469 200
239 430 314 469 Sed
347 442 536 481 generum
569 431 685 468 matri
716 431 891 481 repperit
923 429 986 468 illa
1019 429 1158 468 deum.

180 487 254 527 Ver
287 495 400 539 erat,
433 488 638 527 errabam:
683 488 885 540 Zephyrus
911 490 1142 540 conspexit,
1176 487 1353 527 abibam.

238 547 492 599 Insequitur,
524 548 660 598 fugio:
706 547 845 586 fortior
876 546 940 585 ille
974 548 1069 586 fuit.

178 605 227 644 Et
260 605 420 644 dederat
451 606 564 644 fratri
595 605 739 644 Boreas
771 607 832 645 ius
865 618 978 644 omne
1012 607 1192 657 rapinae,

237 665 366 703 Ausus
399 664 618 703 Erechthea
650 667 820 715 praemia
855 665 958 702 serre
992 664 1128 703 domo.

90 730 157 762 205
178 722 263 761 Vim
295 729 425 762 tamen
459 723 640 762 emendat
671 723 795 761 dando
829 723 923 761 mihi
955 725 1111 761 nomina
1144 728 1310 774 nuptae,

237 781 359 834 Inque
392 794 479 820 meo
512 794 590 820 non
624 788 682 820 est
715 781 789 820 ulla
823 781 996 833 querella
1028 787 1138 820 toro.

179 840 276 879 Vere
310 842 420 879 fruor
453 853 636 891 semper:
681 853 835 891 semper
868 840 1127 879 nitidissimus
1160 851 1308 890 annus,

237 899 364 937 Arbor
396 898 510 937 habet
545 899 733 949 frondes,
766 898 906 949 pabula
939 910 1094 949 semper
1128 898 1292 940 humus.

179 956 246 996 Est
279 956 372 995 mihi
405 956 597 995 fecundus
630 956 822 996 dotalibus
855 957 993 995 hortus
1025 959 1063 995 in
1098 958 1225 1007 agris,

90 1022 156 1054 210
236 1016 340 1055 Aura
372 1016 497 1067 fovet,
530 1015 699 1066 liquidae
731 1016 837 1054 fonte
870 1017 1019 1065 rigatur
1052 1027 1197 1066 aquae:

178 1073 291 1113 Hunc
323 1086 434 1113 meus
465 1073 640 1125 implevit
671 1086 861 1125 generoso
895 1073 990 1112 flore
1024 1076 1211 1125 maritus,

237 1133 363 1183 Atque
398 1134 450 1171 ait
482 1129 724 1171 “arbitrium
759 1139 830 1184 tu,
863 1132 933 1171 dea
953 1164 963 1184 ,
995 1132 1104 1171 floris
1136 1129 1296 1171 habe.”

179 1190 301 1242 Saepe
335 1203 405 1242 ego
438 1191 609 1242 digestos
642 1191 745 1229 volui
777 1203 984 1229 numerare
1018 1191 1192 1242 colores,

236 1249 315 1288 Nec
348 1251 487 1301 potui,
520 1261 684 1288 numero
717 1251 828 1300 copia
860 1251 981 1287 maior
1014 1256 1119 1288 erat.

90 1315 157 1347 215
177 1307 344 1347 Roscida
377 1321 465 1347 cum
498 1310 669 1359 primum
701 1308 803 1346 foliis
836 1320 998 1347 excussa
1031 1309 1171 1359 pruina
1203 1315 1260 1347 est

236 1367 285 1406 Et
315 1368 442 1405 variae
476 1367 594 1405 radiis
626 1369 832 1417 intepuere
866 1379 1018 1418 comae,

178 1425 426 1465 Conveniunt
456 1427 571 1477 pictis
603 1427 796 1464 incinctae
829 1425 1004 1464 vestibus
1036 1423 1187 1476 Horae,

236 1484 358 1536 Inque
390 1484 495 1522 leves
528 1484 698 1523 calathos
730 1496 893 1523 munera
925 1491 1058 1523 nostra
1090 1484 1251 1535 legunt.

177 1543 362 1582 Protinus
395 1543 587 1582 accedunt
619 1542 796 1581 Charites
815 1574 825 1594 ,
857 1548 1099 1593 nectuntque
1133 1554 1297 1581 coronas

91 1610 157 1641 220
238 1602 428 1653 Sertaque
462 1601 649 1641 caelestes
681 1601 917 1653 implicitura
951 1613 1105 1640 comas.

177 1660 306 1699 Prima
338 1673 408 1712 per
441 1662 651 1699 immensas
683 1662 808 1712 sparsi
840 1672 937 1699 nova
970 1662 1117 1698 semina
1150 1665 1310 1711 gentes:

236 1719 359 1758 Unius
392 1719 507 1758 tellus
540 1725 628 1758 ante
661 1720 802 1758 coloris
835 1726 941 1758 erat.

178 1777 305 1816 Prima
337 1777 591 1829 Therapnaeo
624 1778 699 1816 feci
731 1777 777 1816 de
811 1779 998 1828 sanguine
1031 1777 1191 1828 ssorem,

236 1835 283 1875 Et
315 1844 446 1876 manet
477 1839 516 1875 in
550 1836 640 1875 folio
674 1838 818 1888 scripta
852 1836 1024 1887 querella
1058 1848 1152 1875 suo.

89 1902 156 1934 225
177 1894 235 1934 Tu
275 1907 430 1947 quoque
463 1907 606 1934 nomen
638 1895 758 1934 habes
791 1895 946 1947 cultos,
979 1895 1189 1945 Narcisse,
1222 1906 1292 1945 per

905 1954 1064 2005 hortos,

236 2012 402 2064 Infelix,
435 2012 538 2063 quod
571 2024 649 2051 non
682 2012 779 2051 alter
812 2018 850 2050 et
882 2012 979 2051 alter
1012 2023 1120 2050 eras.

179 2071 279 2117 Quid
313 2071 463 2110 Crocon
496 2076 563 2109 aut
594 2071 700 2109 Attin
733 2071 901 2109 reseram
933 2069 1151 2121 Cinyraque
1184 2074 1380 2121 creatum,

236 2129 289 2168 De
324 2141 491 2181 quorum
523 2141 594 2180 per
627 2141 687 2168 me
721 2129 878 2168 volnere
912 2131 1036 2179 surgit
1068 2126 1227 2167 honor?

177 2188 279 2228 Mars
311 2201 497 2240 quoque,
531 2190 563 2227 si
595 2190 752 2240 nescis,
790 2200 861 2239 per
893 2194 1047 2227 nostras
1080 2187 1207 2226 editus
1241 2193 1367 2226 artes:

90 2255 157 2287 230
236 2247 411 2299 Iuppiter
443 2247 516 2286 hoc
550 2253 592 2286 ut
625 2246 750 2285 adhuc
782 2248 960 2299 nesciat,
993 2259 1117 2297 usque
1149 2258 1313 2297 precor.

179 2306 318 2345 Sancta
350 2306 478 2345 Iovem
511 2305 606 2345 Iuno
640 2313 729 2344 nata
761 2307 845 2344 sine
878 2312 1001 2345 matre
1034 2305 1206 2345 Minerva

236 2364 373 2404 Officio
407 2365 530 2404 doluit
562 2376 639 2404 non
673 2366 827 2416 eguisse
860 2377 954 2404 suo.
