1570 2527
568 105 627 137 1v.
655 106 851 139 419—489.
1298 102 1380 144 297

76 222 144 253 455
172 213 345 252 Attonita
377 218 437 252 est
468 211 652 264 plangore
685 212 832 264 Ceres,
866 233 909 240 —
942 212 1055 251 modo
1088 218 1246 251 venerat

892 270 1068 309 Hennam
1101 293 1143 298 -—

222 330 302 369 Nec
336 342 472 382 mora,
507 327 588 368 ‘me
622 329 832 369 miseram!
866 329 941 368 filia
961 327 986 381 ,³
1019 329 1116 368 dixit
1147 327 1236 369 ‘ubi
1268 326 1382 368 est?’

164 388 305 428 Mentis
337 390 450 440 inops
482 390 661 440 rapitur,
695 388 828 439 quales
861 388 995 427 audire
1029 388 1198 427 solemus

224 447 424 486 Threicias
458 448 556 486 fusis
589 447 793 486 maenadas
825 448 882 486 ire
915 449 1058 486 comis.

164 506 214 546 Ut
244 506 364 545 vitulo
398 508 521 557 mugit
553 518 623 545 sua
654 512 778 544 mater
810 505 857 544 ab
889 505 1010 544 ubere
1042 512 1177 557 rapto,

76 573 143 604 460
223 564 272 603 Et
305 566 459 616 quaerit
491 565 592 603 fetus
624 577 695 615 per
727 576 865 603 nemus
898 576 1011 602 omne
1045 576 1160 603 suos:

165 622 229 662 Sic
262 623 332 662 dea
364 635 437 662 nec
469 625 613 662 retinet
645 624 841 675 gemitus,
874 629 913 662 et
945 624 1096 661 concita
1129 634 1248 661 cursu

223 681 395 734 Fertur,
428 688 467 721 et
499 694 519 720 e
552 683 698 732 campis
731 683 896 734 incipit,
929 681 1094 733 Henna,
1130 683 1226 720 tuis.

164 740 257 779 Inde
290 740 476 792 puellaris
509 747 619 779 nacta
652 747 712 779 est
745 742 903 791 vestigia
936 741 1112 791 plantae,

223 798 271 837 Et
304 811 479 850 pressam
512 805 603 838 noto
637 799 809 850 pondere
842 799 936 837 vidit
968 799 1154 849 humum3

75 866 142 896 465
163 858 343 896 Forsitan
375 857 438 895 illa
471 857 553 896 dies
586 859 732 895 erroris
766 869 915 896 summa
949 857 1106 908 suisset,

223 915 264 954 Si
297 927 373 954 non
406 915 632 954 turbassent
664 916 772 966 signa
805 922 959 966 reperta
993 927 1106 953 sues.

162 974 319 1025 lamque
351 973 563 1013 Leontinos
594 974 869 1024 Amenanaque
902 974 1061 1012 ssumina
1093 986 1212 1012 cursu

221 1033 417 1071 Praeterit
449 1039 486 1071 et
519 1035 651 1084 ripas,
684 1032 858 1071 herbifer
890 1033 988 1084 Aci,
1021 1038 1128 1071 tuas:

163 1091 357 1130 Praeterit
389 1097 428 1130 et
460 1091 615 1142 Cyanen
649 1097 686 1130 et
719 1092 846 1130 fontes
878 1091 976 1129 lenis
1009 1091 1133 1142 Anapi

74 1158 142 1189 470
222 1149 271 1189 Et
303 1156 370 1202 te,
403 1149 615 1188 verticibus
648 1162 726 1188 non
759 1149 935 1188 adeunde
968 1149 1082 1188 Gela.

163 1209 349 1260 Liquerat
382 1208 566 1259 Ortygien
600 1207 855 1259 Megareaque
890 1207 1201 1259 Pantagienque,

222 1267 384 1318 Quaque
418 1267 668 1318 Symaetheas
701 1268 842 1318 accipit
874 1278 1020 1317 aequor
1052 1278 1195 1317 aquas,

163 1327 360 1376 Antraque
394 1325 605 1377 Cyclopum
640 1327 776 1376 positis
809 1325 944 1364 exusta
979 1326 1163 1376 caminis,

222 1385 375 1435 Quique
410 1384 520 1423 locus
553 1396 693 1423 curvae
726 1385 882 1422 nomina
915 1383 1022 1422 falcis
1054 1383 1193 1421 habet:

74 1452 140 1483 475
163 1443 399 1494 Himeraque
427 1448 465 1481 et
490 1443 678 1493 Didymen
699 1444 991 1494 Acragantaque
1013 1442 1377 1493 Tauromenenque,

222 1502 509 1552 Sacrarumque
542 1501 666 1540 Melan
700 1513 842 1552 pascua
875 1500 972 1540 laeta
1005 1501 1146 1540 boum.
1326 1522 1383 1528 —-

162 1560 263 1600 Hinc
290 1560 520 1599 Camerinan
548 1560 654 1607 adit,
682 1560 943 1611 Thapsonque
971 1565 1009 1598 et
1034 1559 1190 1598 Heloria
1217 1559 1382 1611 Tempe,

221 1619 382 1670 Quaque
415 1624 521 1670 patet
552 1619 720 1670 zephyro
754 1631 908 1669 semper
941 1624 1100 1669 apertus
1132 1618 1258 1669 Eryx.

161 1678 319 1728 Iamque
351 1677 582 1716 Peloriaden
613 1677 870 1728 Lilybaeaque
892 1709 901 1725 ‚
933 1678 1088 1728 iamque
1121 1677 1330 1728 Pachynon

73 1744 140 1776 480
220 1736 452 1788 Lustrarat,
484 1742 612 1775 terrae
646 1748 791 1774 cornua
825 1737 924 1775 trina
958 1748 1074 1775 suae.

161 1794 414 1845 Quacumque
446 1794 696 1845 ingreditur,
730 1796 884 1833 miseris
916 1794 998 1833 loca
1026 1800 1167 1834 cuncta
1197 1794 1382 1845 querellis

218 1853 386 1905 Implet,
419 1858 463 1892 ut
494 1855 679 1892 amissum
713 1865 801 1892 cum
834 1855 953 1904 gemit
985 1853 1064 1892 ales
1097 1853 1203 1904 Ityn.

160 1911 312 1962 Perque
345 1912 450 1950 vices
481 1912 596 1950 modo
631 1909 900 1963 ‘Persephone
921 1909 951 1950 !’
984 1911 1098 1950 modo
1133 1909 1229 1949 efilia
1250 1908 1279 1950 1’

889 1969 1050 2021 clamat,

220 2028 397 2080 Clamat,
430 2034 468 2067 et
500 2028 660 2067 alternis
692 2040 833 2067 nomen
867 2033 1079 2079 utrumque
1113 2029 1212 2079 ciet,

71 2097 138 2128 485
162 2087 238 2126 Sed
270 2099 399 2139 neque
431 2087 681 2138 Persephone
715 2086 929 2138 Cererem,
960 2099 1033 2125 nec
1066 2087 1142 2125 filia
1175 2092 1338 2126 matrem

217 2146 364 2198 Audit,
397 2152 436 2185 et
467 2146 627 2185 alternis
659 2158 801 2184 nomen
834 2151 1045 2196 utrumque
1078 2147 1203 2198 perit,

158 2204 320 2256 Unaque
340 2237 350 2257 ,
383 2210 580 2256 pastorem
613 2204 773 2243 vidisset
805 2216 852 2242 an
885 2216 974 2242 arva
1007 2204 1222 2255 colentem,

217 2263 297 2301 Vox
331 2269 413 2302 erat
445 2260 538 2302 ‘hac
570 2275 729 2314 gressus
762 2275 884 2314 ecqua
916 2262 1044 2314 puella
1076 2260 1218 2301 tulit‘?’

157 2321 236 2360 Iam
270 2321 376 2360 color
407 2334 511 2361 unus
544 2323 646 2361 inest
678 2321 826 2373 rebus,
859 2321 1112 2374 tenebrisque
1145 2327 1331 2373 teguntur
