1570 2527
168 93 224 135 90
721 93 947 125 TRISTIUM

794 224 873 272 VI.

285 318 345 357 Tu
377 331 563 370 quoque,
595 323 818 357 nostrarum
852 318 1047 369 quondam
1079 318 1219 358 fiducia
1251 331 1406 371 rerum,

287 377 363 422 Qui
394 377 488 415 mihi
521 377 745 427 confugium
764 409 775 429 ,
808 379 874 428 qui
905 377 1001 415 mihi
1032 383 1169 428 portus
1201 389 1310 430 eras,

286 435 345 474 Tu
378 447 533 486 quoque
566 437 739 486 suscepti
771 447 903 474 curam
937 436 1100 474 dimittis
1132 437 1267 487 amici,

287 493 492 544 officiique
525 494 631 544 pium
665 499 743 532 tam
776 495 852 532 cito
884 495 997 544 ponis
1031 491 1163 532 onus?

247 561 265 590 5
289 551 446 590 Sarcina
481 563 567 590 sum
591 583 602 604 ,
634 552 786 603 fateor,
820 564 935 602 quam
968 553 1000 589 si
1032 558 1074 590 tu
1105 558 1282 603 tempore
1315 551 1413 590 duro

285 610 544 661 Depositurus
578 622 662 648 eras
682 641 692 661 ‚
726 622 803 648 non
837 609 1040 648 subeunda
1072 610 1169 649 fuit.

285 668 489 707 Fluctibus
520 670 560 707 in
593 668 731 706 mediis
763 681 899 707 navem
918 699 928 719 ‚
960 668 1172 719 Palinure,
1204 665 1430 719 relinquis?

287 726 343 766 Ne
377 728 467 778 fuge
487 759 497 778 ,
529 739 626 765 neve
658 733 725 765 tua
757 728 807 765 sit
837 728 965 765 minor
998 732 1080 765 arte
1111 726 1231 765 fides!

286 785 484 836 7Numquid
516 784 710 824 Achilleos
742 787 845 824 inter
877 785 959 823 sera
990 785 1136 836 proelia
1168 785 1235 823 fidi

223 852 265 883 10
298 844 479 882 Deseruit
511 843 646 882 levitas
678 843 975 882 Automedontis
1008 841 1164 895 equos?

286 902 411 947 Quem
443 901 563 940 semel
596 903 777 953 excepit,
809 913 1022 952 numquam
1053 901 1272 940 Podalirius
1304 913 1420 953 aegro

286 961 522 999 Promissam
555 960 726 998 medicae
760 972 838 998 non
870 960 960 999 tulit
991 961 1086 998 artis
1118 972 1256 1010 opem.

286 1019 458 1070 Turpius
492 1020 656 1070 eicitur,
691 1031 805 1069 quam
836 1031 915 1056 non
948 1018 1164 1057 admittitur
1195 1018 1362 1070 hospes3

288 1077 393 1122 Quae
426 1079 578 1129 patuit,
612 1077 770 1115 dextrae
804 1077 914 1115 firma
946 1079 997 1115 sit
1028 1089 1093 1115 ara
1123 1088 1256 1115 meae.

224 1144 265 1174 15
286 1135 347 1174 Nil
379 1137 454 1173 nisi
487 1147 547 1174 me
581 1135 707 1174 solum
739 1137 864 1186 primo
897 1141 1047 1174 tutatus
1080 1147 1151 1187 es3
1184 1140 1222 1173 at
1253 1146 1357 1173 nunc

285 1194 345 1232 Me
377 1195 524 1245 pariter
557 1206 667 1232 serva
699 1193 965 1244 iudiciumque
999 1199 1134 1245 tuum,

289 1252 328 1290 Si
361 1252 474 1290 modo
507 1265 586 1290 non
619 1252 746 1303 aliqua
778 1259 838 1290 est
868 1254 907 1290 in
933 1264 995 1290 me
1021 1264 1119 1290 nova
1152 1251 1287 1303 culpa,
1319 1256 1504 1302 tuamque

286 1310 487 1349 Mutarunt
520 1310 648 1349 subito
682 1312 844 1349 crimina
876 1316 1010 1349 nostra
1042 1310 1180 1348 fidem.

289 1368 459 1420 Spiritus
484 1369 571 1420 1116,
605 1369 784 1419 Scythica
811 1381 926 1419 quem
953 1381 1031 1406 non
1056 1368 1156 1407 bene
1183 1367 1363 1406 ducimus
1390 1379 1505 1419 aura,

223 1435 266 1466 20
288 1427 398 1472 Quod
432 1429 576 1478 cupio,
608 1426 794 1466 membris
827 1433 938 1465 exeat
969 1433 1058 1465 ante
1091 1428 1211 1477 meis,

289 1485 411 1530 Quam
443 1492 510 1524 tua
542 1485 682 1524 delicto
716 1487 960 1535 stringantur
992 1490 1152 1536 pectora
1183 1489 1341 1535 nostro,

286 1544 336 1582 Et
368 1544 499 1582 videar
531 1546 671 1583 merito
704 1544 816 1582 vilior
849 1555 934 1582 esse
966 1543 1059 1582 tibi.

287 1602 373 1640 Non
406 1602 500 1641 adeo
533 1604 606 1641 toti
638 1603 725 1641 satis
758 1614 973 1653 urguemur
1004 1603 1173 1654 iniquis,

288 1660 338 1699 Ut
369 1673 453 1699 mea
487 1662 537 1698 sit
568 1660 694 1711 longis
727 1673 836 1699 mens
870 1673 1025 1711 quoque
1058 1666 1162 1698 mota
1195 1659 1327 1699 malis.

225 1727 267 1758 25
289 1718 409 1769 Finge
442 1725 570 1756 tamen
604 1725 746 1757 [notam
766 1749 776 1769 ,
809 1720 990 1768 quotiens
1022 1719 1309 1768 Agamemnone
1342 1722 1477 1756 natum

288 1777 438 1815 Dixisse
472 1779 512 1814 in
543 1776 714 1827 Pyladen
745 1776 921 1827 improba
954 1775 1070 1814 verba
1102 1773 1246 1827 putas?

288 1835 369 1873 Nec
401 1835 539 1885 procul
571 1847 591 1872 a
624 1847 715 1873 vero
750 1841 838 1885 est,
873 1836 966 1885 quin
999 1841 1038 1873 et
1069 1834 1234 1885 pulsarit
1266 1835 1458 1873 amicum:

289 1893 429 1932 Mansit
460 1895 501 1931 in
533 1894 672 1931 officiis
704 1905 782 1931 non
814 1895 943 1931 minus
975 1892 1038 1931 ille
1072 1895 1176 1931 suis.

289 1952 371 1990 Hoc
405 1958 463 1990 est
495 1964 584 1990 cum
615 1953 769 1990 miseris
801 1951 927 1990 solum
959 1963 1165 1990 commune
1197 1950 1343 2002 beatis,

229 2019 273 2050 30
293 2010 494 2049 Ambobus
525 2009 647 2048 tribui
679 2010 781 2060 quod
814 2009 912 2048 solet
944 2009 1199 2060 obsequium:
1231 2007 1234 2011 ’

291 2068 450 2107 Ceditur
484 2074 521 2106 ct
554 2070 679 2107 caecis
711 2074 750 2107 et
782 2080 879 2120 quos
910 2074 1112 2119 praetexta
1143 2067 1334 2106 verendos

290 2126 481 2177 Virgaque
516 2139 603 2165 cum
637 2120 765 2165 verbis
797 2128 1005 2177 imperiosa
1038 2127 1150 2164 facit.

292 2184 333 2222 Si
364 2186 458 2223 mibi
491 2197 567 2223 non
600 2187 757 2237 parcis,
790 2186 969 2223 fortunae
1001 2196 1163 2235 parcere
1197 2183 1340 2223 debes:

289 2242 374 2281 Non
406 2242 523 2281 habet
554 2245 594 2281 in
626 2243 737 2282 nobis
770 2243 886 2282 ullius
918 2244 974 2281 ira
1005 2243 1156 2281 locum.

226 2309 268 2340 35
290 2300 398 2352 Elige
431 2307 656 2340 nostrorum
689 2303 892 2341 minimum
924 2302 1205 2351 minimumque
1239 2300 1451 2339 malorum:
