1570 2527
167 138 222 179 62
727 137 951 170 TRISTIUM

283 247 482 285 Materiam
516 246 650 296 culpae
683 248 1014 297 persequiturque
1047 258 1166 285 suae.

219 314 262 344 35
283 305 360 343 Nos
394 316 548 355 quoquc
581 303 804 356 delectant,
837 306 1011 355 quamvis
1044 316 1244 356 nocuere,
1276 304 1418 358 libelli,

283 363 471 413 Quodque
507 362 598 401 mihi
630 362 751 401 telum
783 362 942 401 vulnera
975 363 1097 411 fecit,
1129 375 1242 401 amo.

283 421 462 459 Forsitan
495 420 568 458 hoc
601 421 773 459 studium
805 423 928 472 possit
960 422 1070 459 furor
1102 433 1188 460 esse
1220 421 1366 474 videri,

284 479 358 517 Sed
393 478 575 529 quiddam
609 480 717 517 furor
750 479 812 517 hic
846 479 1024 518 utilitatis
1057 479 1195 518 habet.

284 538 446 587 Semper
479 538 517 575 in
551 536 690 576 obtutu
723 542 894 576 mentem
927 542 1031 575 vetat
1062 549 1148 575 esse
1181 537 1394 589 malorum,

218 605 262 635 40
284 596 506 634 Praesentis
539 607 652 634 casus
684 597 1018 645 inmemoremque
1052 595 1166 633 facit.

283 654 410 704 thue
444 665 557 692 suum
590 653 740 692 Bacche
773 666 850 692 non
883 655 1003 692 sentit
1035 655 1165 692 saucia
1196 653 1360 706 vulnus,

283 713 381 751 Dum
414 717 546 762 stupet
578 711 701 750 Idaeis
733 711 928 751 exululata
961 712 1107 763 modis,

283 771 347 809 Sic
380 769 446 808 ubi
478 776 581 808 mota
613 770 739 809 calent
771 770 886 808 viridi
918 782 1002 808 mea
1035 775 1193 820 pectora
1225 770 1383 822 thyrso,

283 829 405 867 Altior
438 828 607 867 humano
640 829 802 878 spiritus
835 828 898 866 ille
929 828 1029 866 malo
1063 834 1144 867 est.

218 896 261 927 45
282 887 348 925 Ille
382 899 453 925 nec
486 886 644 925 exilium
663 918 674 938 ,
707 886 878 937 Scythici
910 899 982 925 nec
1014 886 1127 925 litora
1159 888 1292 938 ponti,

284 946 350 984 Ille
384 957 455 983 nec
488 946 607 983 iratos
640 946 760 983 sentit
791 944 935 983 habere
968 944 1086 983 deos.

282 1004 409 1054 thue
443 1003 680 1053 soporiferae
718 1002 893 1041 biberem
926 1004 958 1041 si
990 1002 1128 1054 pocula
1160 1001 1326 1056 Lethes,

284 1062 489 1112 Temporis
521 1061 674 1099 adversi
707 1063 762 1099 sic
795 1061 889 1099 mihi
916 1073 1055 1100 sensus
1087 1060 1222 1100 abest.

282 1120 371 1159 Iure
404 1119 496 1157 deas
529 1120 648 1169 igitur
681 1132 845 1158 veneror
877 1119 974 1158 mala
1008 1124 1140 1158 nostra
1171 1118 1368 1171 levantes,

220 1187 263 1218 50
286 1178 479 1216 Sollicitae
513 1179 675 1216 comites
708 1190 754 1216 ex
786 1177 972 1216 Helicone
1006 1179 1141 1229 fugae,

284 1237 332 1275 Et
363 1238 505 1287 partim
538 1236 673 1286 pelago
706 1238 846 1286 partim
879 1238 1040 1287 vestigia
1073 1241 1178 1274 terra

285 1294 352 1333 Vel
384 1300 466 1333 rate
499 1295 673 1345 dignatas
707 1294 764 1332 vel
797 1294 894 1345 pede
927 1301 1061 1333 nostra
1093 1295 1227 1345 sequi.

286 1353 390 1404 Sint,
412 1364 574 1403 precor,
595 1352 689 1391 haec
710 1352 846 1391 saltem
868 1352 998 1391 faciles
1013 1351 1127 1390 mihi!
1155 1363 1320 1403 namque
1342 1351 1505 1391 deorum

285 1411 423 1450 Cetera
455 1423 544 1449 cum
577 1422 715 1461 magno
749 1410 912 1449 Caesare
945 1410 1059 1450 turba
1092 1411 1207 1462 facit,

221 1480 265 1509 55
287 1470 425 1520 Meque
460 1474 517 1507 tot
549 1469 722 1507 adversis
755 1469 984 1520 cumulant,
1017 1475 1113 1520 quot
1144 1468 1235 1507 litus
1267 1480 1429 1520 arenas,

285 1529 466 1578 Quotque
500 1528 644 1565 fretum
674 1529 832 1579 pisces,
865 1539 1013 1578 ovaque
1046 1528 1164 1578 piscis
1197 1526 1335 1566 habet.

284 1586 383 1625 Vere
416 1587 525 1636 prius
557 1585 673 1624 ssores
694 1616 705 1637 ,
738 1591 848 1624 aestu
880 1585 1105 1624 numerabis
1137 1586 1302 1637 aristas,

285 1645 404 1684 Poma
436 1656 505 1695 per
538 1649 769 1683 autumnum
802 1644 1094 1695 frigoribusque
1127 1645 1259 1696 nives,

287 1703 409 1748 Quam
444 1702 539 1740 mala
559 1734 569 1753 ,
603 1714 701 1752 quae
734 1708 816 1741 toto
849 1704 975 1753 patior
1008 1705 1171 1740 iactatus
1204 1704 1243 1740 in
1275 1701 1395 1753 orbe,

222 1771 265 1802 60
289 1761 386 1799 Dum
419 1762 538 1798 miser
570 1759 712 1798 Euxini
747 1760 860 1798 litora
893 1760 997 1798 laeva
1030 1766 1142 1810 peto.

286 1819 366 1857 Nec
399 1825 556 1869 tamen,
590 1825 633 1857 ut
666 1821 781 1869 veni,
813 1818 934 1857 levIor
967 1819 1122 1857 fortuna
1155 1817 1346 1856 malorum
1378 1822 1460 1857 est:

288 1877 372 1917 Huc
405 1889 561 1928 quoque
594 1883 686 1916 sunt
718 1883 871 1915 nostras
905 1878 979 1915 fata
1011 1881 1146 1915 secuta
1178 1877 1279 1916 vias.

288 1936 359 1974 Hic
392 1947 547 1986 quoque
581 1947 774 1986 cognosco
807 1934 944 1974 natalis
977 1936 1140 1974 stamina
1173 1935 1321 1987 nostri,

289 1995 461 2033 Stamina
494 1993 541 2032 de
574 1995 685 2044 nigro
719 1992 861 2032 vellere
895 1993 993 2032 facta
1026 1993 1145 2032 mihi.

224 2063 266 2093 65
288 2053 415 2103 thue
450 2064 521 2090 nec
554 2052 714 2090 insidias
747 2053 962 2102 capitisque
995 2051 1169 2102 pericula
1201 2062 1380 2102 narrem,

288 2110 386 2149 Vera
419 2110 605 2162 quidem,
638 2112 721 2149 veri
753 2110 818 2148 sed
852 2111 1027 2160 graviora
1060 2110 1158 2148 fide:

289 2168 426 2207 Vivere
460 2181 575 2219 quam
608 2171 796 2207 miserum
829 2174 888 2207 est
927 2169 1029 2206 inter
1061 2168 1282 2218 Bessosque
1314 2165 1509 2217 Getasque

289 2227 430 2279 Illum,
464 2228 531 2277 qui
563 2227 698 2278 populi
731 2238 885 2278 semper
919 2228 958 2264 in
991 2238 1058 2264 ore
1091 2225 1185 2264 suit!

288 2285 411 2330 Quam
444 2287 631 2324 miserum
665 2290 753 2337 est,
785 2290 897 2336 porta
929 2286 1045 2323 vitam
1078 2295 1270 2334 muroque
1302 2282 1429 2333 tueri,

225 2353 268 2383 70
289 2343 437 2389 Vixque
471 2344 532 2382 sui
564 2349 692 2382 tutum
727 2343 873 2382 viribus
907 2354 992 2382 esse
1024 2341 1123 2381 loci!
