1570 2527
183 150 238 191 74
737 151 962 183 TRISTIUM

299 260 402 299 Haec
429 271 498 311 ego
527 263 666 297 cuncta
692 261 801 309 prius
820 290 831 311 ,
865 271 979 310 quam
1006 265 1042 298 te
1063 290 1073 311 ,
1106 260 1304 298 carissime
1323 289 1334 311 ,
1361 259 1516 299 credam

236 327 279 357 ‘20
301 319 492 357 Mutatum
525 329 657 356 curam
690 317 917 369 deposuisse
950 319 1047 356 mei.

300 377 501 415 Innumeri
532 380 685 414 montes
718 377 820 415 inter
851 388 912 414 me
946 381 1062 427 teque
1095 376 1257 426 viaeque

299 435 555 484 Fluminaque
589 439 627 472 et
659 436 784 485 campi
816 447 888 473 nec
920 435 1017 472 freta
1050 446 1172 484 pauca
1204 436 1357 473 iacent.

299 493 402 531 Mille
435 498 566 543 potest
597 494 723 531 causis
743 524 753 544 ,
786 505 806 531 a
837 498 875 531 te
908 505 1005 543 quae
1038 492 1166 530 littera
1199 504 1314 543 saepe

301 551 418 589 Missa
451 552 530 602 sit,
562 552 602 589 in
634 556 787 589 nostras
820 562 907 589 rara
939 551 1071 588 venire
1104 561 1264 601 manus3

236 617 280 647 25
301 608 402 647 Mille
435 614 564 647 tamen
598 621 733 647 causas
766 608 972 647 scribendo
1005 609 1115 646 vince
1148 608 1400 661 frequenter,

301 667 494 706 Excusem
527 678 575 705 ne
608 672 645 706 te
679 679 861 719 semper,
895 668 1015 705 amice
1035 698 1046 719 ,
1078 665 1193 705 mihi!

786 794 913 841 VIII.

300 899 378 938 Iam
412 911 496 938 mea
530 911 692 950 cycneas
725 900 927 938 imitantur
960 905 1136 950 tempora
1167 899 1342 951 plumas,

301 957 428 997 Inficit
460 964 498 996 et
528 959 658 1009 nigras
691 957 774 996 alba
807 963 963 996 senecta
996 969 1147 996 comas.

300 1015 380 1054 Iam
413 1016 583 1055 subeunt
615 1018 704 1054 anni
737 1016 891 1066 fragiles
925 1021 963 1054 et
994 1017 1157 1054 inertior
1190 1021 1316 1068 aetas,

300 1074 457 1126 Iamque
490 1087 628 1126 parum
660 1075 771 1112 firmo
804 1086 865 1112 me
899 1074 992 1112 mihi
1024 1074 1127 1112 ferre
1159 1086 1273 1125 grave
1307 1080 1388 1114 est.

261 1143 280 1171 5
301 1133 412 1171 Nunc
445 1139 556 1184 erat,
589 1139 631 1172 ut
663 1134 789 1183 posito
824 1132 1007 1171 deberem
1039 1133 1114 1170 fine
1147 1132 1324 1171 laborum

300 1191 468 1243 Vivere,
501 1203 561 1230 me
594 1191 699 1229 nullo
734 1190 963 1229 sollicitante
995 1196 1131 1242 metu,

304 1249 489 1301 Quaeque
522 1261 630 1288 meae
664 1261 818 1300 semper
849 1249 1081 1300 placuerunt
1113 1250 1190 1288 otia
1220 1250 1343 1288 menti

305 1307 472 1359 Carpere
507 1314 544 1346 et
576 1309 615 1346 in
649 1307 788 1346 studiis
820 1307 988 1346 molliter
1021 1319 1107 1346 esse
1139 1309 1259 1360 meis,

302 1365 351 1404 Et
382 1378 537 1417 parvam
571 1365 769 1404 celebrare
802 1365 959 1404 domum
991 1371 1221 1416 veteresque
1253 1365 1418 1404 Penates

240 1433 282 1462 10
302 1423 352 1462 Et
384 1436 481 1474 quae
514 1436 618 1462 nunc
651 1423 806 1462 domino
840 1436 931 1462 rura
963 1430 1123 1474 paterna
1156 1430 1311 1476 carent,

302 1482 423 1533 Inque
457 1484 545 1521 sinu
579 1482 756 1520 dominae
789 1484 968 1532 carisque
1002 1481 1198 1521 sodalibus
1229 1483 1347 1533 inque

304 1540 476 1579 Securus
507 1542 631 1591 patria
664 1542 915 1579 consenuisse
948 1552 1055 1579 mea.

303 1598 406 1638 Haec
438 1611 523 1637 mea
554 1600 610 1637 sic
644 1598 837 1649 quondam
869 1601 1001 1649 peragi
1033 1604 1256 1649 speraverat
1287 1603 1415 1651 aetas,

302 1657 381 1695 Hos
413 1669 483 1708 ego
517 1659 573 1695 sic
605 1669 726 1695 annos
757 1669 904 1708 ponere
937 1657 1076 1708 diguus
1109 1669 1236 1696 eram.

242 1724 282 1753 15
303 1715 388 1753 Non
420 1717 471 1753 ita
505 1715 562 1753 dis
594 1717 747 1766 visum,
782 1717 847 1765 qui
879 1727 939 1753 me
972 1721 1156 1766 terraque
1188 1717 1363 1765 marique

304 1774 442 1812 Actum
477 1772 700 1811 Sarmaticis
734 1785 950 1823 exposuere
982 1772 1100 1811 locis.

304 1831 347 1869 In
381 1843 470 1870 cava
503 1831 701 1869 ducuntur
734 1842 894 1881 quassae
927 1831 1072 1869 navalia
1103 1843 1277 1883 puppes,

304 1889 359 1928 Ne
392 1895 538 1928 temere
570 1891 610 1927 in
642 1888 780 1927 mediis
812 1888 1075 1927 destituantur
1108 1891 1241 1940 aquis.

303 1947 358 1986 Ne
393 1947 502 1986 cadat
534 1952 573 1986 et
604 1947 744 1986 multas
776 1947 921 1998 palmas
955 1947 1177 1986 inhonestet
1208 1948 1393 2000 adeptus,

240 2015 283 2044 ΩΟ
305 2005 528 2056 Languidus
560 2007 600 2044 in
631 2007 753 2056 pratis
785 2007 957 2056 gramina
990 2008 1116 2056 carpit
1143 2005 1296 2057 ‘equuS.

304 2064 414 2103 Miles
446 2064 513 2102 uhi
546 2065 719 2102 emeritis
751 2076 828 2102 non
861 2070 919 2102 est
951 2065 1043 2102 satis
1079 2064 1181 2103 utilis
1213 2066 1347 2117 annis,

304 2122 418 2161 Ponit
449 2122 494 2161 ad
528 2125 736 2174 antiquos,
770 2134 866 2172 quae
900 2122 1016 2173 tulit,
1049 2134 1153 2161 arma
1186 2122 1328 2161 Lares.

307 2180 370 2219 Sic
402 2182 520 2231 igitur
539 2212 549 2232 ,
582 2181 691 2219 tarda
722 2182 824 2219 vires
855 2182 1054 2219 minuente
1088 2186 1266 2232 senecta,

305 2238 365 2277 Me
399 2251 553 2290 quoque
587 2239 723 2277 donari
754 2240 829 2277 iam
861 2238 957 2277 rude
991 2245 1144 2289 tempus
1177 2245 1283 2278 erat.

241 2305 284 2335 ‘25
306 2296 476 2347 Tempus
511 2303 592 2336 erat
624 2310 695 2336 nec
727 2309 788 2336 me
821 2298 1069 2348 peregrinum
1104 2297 1247 2335 ducere
1280 2295 1451 2349 caelum,

305 2354 384 2394 Nec
417 2357 558 2394 siccam
592 2355 725 2394 Getico
759 2356 863 2394 fonte
896 2355 1021 2394 levare
1055 2356 1182 2406 sitim,
