1570 2527
539 111 580 144 V.
606 119 686 143 XJ11
704 113 848 144 4——xrv
868 113 922 144 39.
1322 111 1402 152 101

179 219 239 258 Tu
271 225 401 258 tamen
433 220 590 270 ingenio
623 219 725 258 clara
756 220 884 259 ferere
918 231 1028 272 meo3

139 286 159 317 5
180 277 361 330 Dumque
393 277 500 328 legar
519 309 530 329 ‚
560 279 710 329 pariter
740 290 895 317 mecum
928 284 995 317 tua
1026 278 1126 317 fama
1157 279 1333 331 legetur,

179 337 260 375 Nec
292 342 405 388 potes
437 337 478 375 in
510 342 680 376 maestos
713 339 840 375 omnis
872 337 979 376 abire
1012 349 1151 390 rogos3

181 395 358 446 Cumque
390 396 464 433 viri
497 406 590 434 casu
621 397 750 446 possis
782 396 1003 435 miseranda
1034 396 1182 449 videri,

180 453 360 493 Invenies
392 452 541 505 aliquas
560 485 571 505 ,
604 466 703 505 quae
723 485 734 505 ,
767 454 871 505 quod
904 467 946 494 es
965 486 975 506 ‚
1008 467 1094 494 esse
1126 455 1269 503 velint,

181 512 290 558 Quae
322 518 360 552 te
380 543 392 564 ,
423 518 651 552 nostrorum
684 524 774 551 cum
807 514 860 552 sis
892 515 932 552 in
965 519 1075 565 parte
1108 514 1323 566 malorum,

117 578 161 611 10
181 570 354 610 Felicem
387 571 517 610 dicant
548 571 825 622 invideantque
858 571 951 611 tihi.

180 629 266 669 Non
300 642 372 681 ego
405 629 558 669 divitias
591 629 717 668 dando
750 629 821 669 tibi
853 630 966 681 plura
998 631 1217 671 dedissem:

181 688 245 727 Nil
276 689 378 727 feret
410 688 456 727 ad
488 700 623 727 manes
656 689 786 727 divitis
818 689 957 728 umbra
990 702 1105 728 suos.

180 747 368 798 Perpetui
400 747 574 786 fructum
607 746 746 785 donavi
777 749 947 786 nominis
980 748 1121 799 idque,

181 805 265 851 Quo
300 805 392 844 dare
425 805 480 843 nil
511 806 622 856 potui
654 817 818 844 munere
851 808 1007 858 maius,
1038 806 1182 845 habes.

115 871 159 903 15
179 863 287 903 Adde
306 894 317 915 ‚
350 863 454 915 quod
473 894 484 915 ‚
517 868 562 902 ut
593 875 727 902 rerum
759 863 841 903 sola
873 876 915 904 es
947 864 1069 903 tutela
1101 877 1300 917 mearum,

179 922 238 961 Ad
270 928 308 961 te
341 934 420 961 non
452 923 561 973 parvi
592 923 699 961 venit
729 922 891 962 honoris
924 935 1046 975 onus,

182 981 296 1027 Quod
328 993 543 1032 numquam
575 992 648 1019 vox
681 987 741 1020 est
773 981 820 1020 de
852 987 892 1020 te
924 994 1010 1021 mea
1042 987 1150 1021 muta
1182 983 1318 1034 tuique

181 1040 340 1079 Indiciis
373 1039 493 1078 debes
527 1051 614 1079 esse
647 1039 816 1091 superba
848 1042 944 1079 viri.

182 1098 289 1144 Quae
322 1111 371 1137 ne
405 1100 493 1150 quis
524 1099 650 1149 possit
680 1100 890 1138 temeraria
922 1099 1053 1138 dicere
1072 1130 1083 1151 ‚
1115 1105 1272 1152 persta,

116 1165 160 1196 20
182 1156 232 1196 Ε1
262 1158 411 1209 pariter
444 1169 555 1196 serva
587 1169 729 1208 meque
761 1158 944 1208 piamque
976 1157 1115 1197 fidem!

179 1215 278 1254 Nam
310 1221 376 1254 tua
395 1247 406 1267 ,
438 1215 531 1254 dum
558 1217 741 1255 stetimus
760 1247 771 1268 ‚
803 1218 910 1267 turpi
943 1218 1026 1256 sine
1066 1218 1229 1256 crimine
1265 1218 1408 1256 mansit

180 1274 231 1313 Et
261 1280 413 1313 tantum
444 1273 620 1326 probitas
651 1274 935 1325 inreprehensa
968 1275 1063 1314 fuit.

180 1333 281 1372 Area
313 1332 360 1371 de
393 1338 527 1372 nostra
559 1345 664 1372 nunc
697 1339 756 1372 est
789 1333 860 1372 tibi
892 1334 993 1373 facta
1024 1336 1160 1387 ruina3

181 1391 449 1443 Conspicuum
481 1393 607 1430 virtus
639 1391 702 1430 hie
735 1397 800 1431 tua
832 1398 952 1443 ponat
983 1392 1105 1444 opus!

117 1458 160 1491 25
181 1449 280 1490 Esse
313 1450 456 1489 bonam
488 1450 600 1489 facile
634 1456 723 1502 est,
757 1449 825 1489 ubi
843 1481 855 1502 ,
888 1450 992 1501 quod
1025 1456 1130 1490 vetet
1162 1463 1248 1491 esse
1267 1483 1278 1504 ,

912 1515 1108 1548 remotum
1141 1515 1201 1549 est
1212 1542 1224 1563 ‚

180 1567 230 1607 Et
261 1567 359 1606 nihil
392 1567 520 1606 officio
553 1572 675 1619 nupta
709 1567 814 1618 quod
847 1567 976 1607 obstet
1007 1568 1146 1608 habet:

181 1626 279 1666 Cum
312 1626 409 1665 deus
441 1627 643 1678 intonuit,
675 1638 754 1665 non
786 1638 828 1664 se
862 1626 1083 1666 subducere
1115 1626 1269 1680 nimbo,

180 1684 224 1724 Id
256 1685 414 1724 demum
447 1690 507 1724 est
536 1686 662 1736 pietas
681 1716 693 1737 ‚
723 1684 762 1723 id
796 1685 951 1724 socialis
983 1697 1113 1725 amor.

179 1743 281 1783 Rara
314 1743 474 1795 quidem
505 1745 630 1782 virtus
649 1775 660 1795 ‚
696 1755 812 1794 quam
845 1756 923 1782 11011
955 1744 1129 1784 Fortuna
1162 1744 1378 1798 gubernet,

115 1811 159 1843 30
181 1802 289 1848 Quae
320 1807 476 1841 maneat
507 1801 666 1854 stabili,
698 1813 788 1841 cum
820 1802 921 1854 fugit
952 1802 1016 1842 illa
1035 1835 1046 1855 ‚
1076 1803 1199 1855 pede.

181 1861 301 1913 Siqua
332 1866 463 1900 tamen
494 1857 525 1911 †
556 1862 729 1912 pretium
761 1860 836 1900 sibi
867 1873 1020 1901 merces
1052 1863 1137 1913 ipsa
1168 1863 1358 1915 petitum,

178 1920 302 1971 Inque
334 1931 473 1971 parum
503 1919 616 1958 laetis
649 1918 770 1958 ardua
801 1919 922 1959 rebus
955 1920 1087 1972 adest,

178 1978 229 2017 Ut
262 1983 416 2030 tempus
447 1990 663 2026 numeres,
694 1990 766 2029 per
800 1979 954 2017 saecula
985 1979 1090 2017 nulla
1123 1984 1298 2032 tacetur,

177 2036 228 2075 Et
258 2036 344 2076 loca
375 2038 598 2089 mirantur,
630 2049 706 2088 qua
737 2042 846 2088 patet
877 2037 985 2076 orbis
1017 2038 1116 2077 iter.

114 2104 158 2137 35
178 2096 332 2147 Aspicis
351 2127 362 2148 ,
395 2100 440 2135 ut
470 2095 585 2147 longo
618 2100 750 2134 teneat
781 2094 985 2134 laudabilis
1018 2107 1110 2134 aevo

177 2153 330 2193 Nomen
361 2155 624 2194 inextinctum
655 2153 875 2204 Penelopea
907 2151 1040 2192 fides?

179 2212 318 2252 Cernis
337 2245 348 2265 ,
380 2218 425 2252 ut
455 2213 610 2252 Admeti
643 2217 824 2252 cantetur
857 2218 896 2251 et
927 2211 1110 2252 Hectoris
1142 2225 1242 2253 uxor

178 2272 362 2323 Ausaque
393 2273 434 2311 111
466 2283 652 2311 accensos
684 2271 814 2322 Iphias
846 2272 905 2309 ire
937 2283 1078 2323 rogos3

178 2329 228 2370 Ut
259 2332 361 2369 vivat
392 2330 493 2369 fama
525 2331 699 2370 coniunx
731 2328 935 2381 Phylaceia
954 2361 965 2383 ‚
998 2331 1110 2370 cuius
