1570 2527
183 85 269 128 266
725 86 979 120 FASTORUM

301 194 417 234 Vallis
448 195 626 233 Aricinae
659 195 752 233 silva
783 196 1032 247 praecinctus
1064 207 1182 246 opaca

359 253 430 292 Est
460 253 596 305 lacus,
628 254 786 304 antiqua
817 253 1004 304 religione
1037 266 1169 293 sacer.

213 319 279 351 265
301 311 371 350 Hic
402 311 496 350 latet
527 310 758 363 Hippolytus
790 312 902 351 furiis
935 312 1111 363 direptus
1145 324 1360 365 equorum,

358 368 468 408 Unde
501 381 638 408 nemus
671 369 786 409 nullis
818 370 913 409 illud
945 370 1073 409 aditur
1106 372 1238 421 equis.

299 427 404 467 Licia
435 427 685 480 dependent,
717 428 849 478 longas
880 428 1046 467 velantia
1078 440 1237 480 saepes,

359 485 410 525 Et
439 488 566 537 posita
599 492 658 525 est
689 488 849 525 meritae
883 487 1002 525 multa
1034 486 1172 525 tabella
1203 486 1322 526 deae.

302 543 425 595 Saepe
457 550 597 595 potens
629 545 736 596 voti,
769 545 937 583 frontem
968 544 1146 584 redimita
1178 546 1356 597 coroniS‚

211 610 279 641 270
358 602 518 641 Femina
549 602 724 642 lucentes
756 609 885 654 portat
916 602 962 641 ab
994 602 1098 642 Urbe
1131 603 1257 642 faces.

299 660 431 712 Regna
463 666 599 700 tenent
630 661 751 700 fortes
783 661 962 700 manibus
994 661 1238 712 pedibusque
1270 662 1450 714 fugam,

357 719 407 757 Et
438 720 542 770 perit
574 719 749 770 exemplo
782 719 986 770 postmodo
1019 721 1184 771 quisque
1216 731 1310 759 suo,

300 777 443 816 Dessuit
473 779 624 817 incerto
657 777 854 829 lapidosus
885 780 1087 817 murmure
1119 780 1246 818 rivus:

359 835 511 888 Saepe,
544 836 612 875 sed
645 838 794 887 exiguis
826 836 1029 876 haustibus
1060 836 1151 875 inde
1182 835 1287 875 bibi.

210 902 277 933 275
299 894 439 945 Egeria
471 901 556 946 est,
589 906 687 945 quae
713 894 874 945 praebet
900 906 1045 946 aquas,
1077 895 1148 933 dea
1179 899 1288 945 grata
1313 893 1513 933 Camenis.

354 952 421 991 Illa
453 952 600 991 Numae
633 954 803 991 coniunx
835 953 1118 1003 consiliumque
1150 953 1246 991 fuit.

298 1010 494 1061 Principio
527 1012 690 1049 nimium
722 1017 923 1062 promptos
956 1011 1002 1049 ad
1034 1010 1133 1049 bella
1165 1010 1328 1055 Quiritis

356 1068 497 1107 Molliri
529 1069 673 1119 placuit
705 1070 790 1108 iure
824 1069 1018 1119 deumque
1050 1074 1178 1107 metu.

297 1126 389 1165 Inde
423 1127 533 1165 datae
565 1127 698 1177 leges,
731 1139 780 1165 ne
813 1127 961 1165 firmior
994 1128 1122 1165 omnia
1153 1132 1310 1178 posset3

212 1192 278 1224 280
359 1184 581 1236 Coeptaque
615 1190 706 1223 sunt
738 1197 834 1236 pure
867 1185 1009 1223 tradita
1041 1197 1150 1223 sacra
1182 1185 1278 1224 coli.

297 1242 463 1282 Exuitur
496 1244 630 1281 feritas
648 1274 659 1294 ‚
691 1244 888 1293 armisque
920 1245 1119 1293 potentius
1151 1255 1319 1294 aequum
1351 1248 1433 1294 est,

356 1301 405 1339 Et
437 1313 526 1339 cum
559 1302 641 1339 cive
674 1301 796 1351 pudet
827 1303 1075 1340 conseruisse
1107 1313 1266 1340 manus,

297 1360 424 1410 Atque
457 1359 597 1410 aliquis
616 1391 626 1411 ,
659 1359 773 1397 modo
805 1366 896 1398 trux
915 1390 925 1410 ,
959 1361 1037 1398 visa
1068 1361 1144 1398 iam
1175 1361 1342 1398 vertitur
1373 1371 1460 1408 ara,

354 1417 528 1468 Vinaque
561 1417 626 1456 dat
657 1417 797 1468 tepidis
831 1417 1007 1468 salsaque
1040 1417 1142 1456 sarra
1174 1418 1295 1456 focis.

210 1483 276 1515 285
299 1476 400 1515 Ecce
433 1476 547 1514 deum
580 1477 733 1527 genitor
765 1476 902 1514 rutilas
933 1488 1003 1527 per
1035 1475 1167 1514 nubila
1198 1476 1371 1515 flammas

358 1534 542 1586 Spargit‚
575 1540 614 1573 et
645 1535 777 1572 effusis
809 1534 967 1573 aethera
999 1535 1119 1573 siccat
1150 1536 1284 1585 aquis.

297 1592 382 1631 Non
416 1593 507 1631 alias
540 1593 648 1631 missi
681 1592 858 1631 cecidere
890 1593 1135 1643 frequentius
1166 1594 1302 1643 ignes.

355 1650 437 1689 Rex
470 1656 584 1701 pavet
616 1657 654 1689 et
684 1650 785 1701 volgi
817 1656 976 1701 pectora
1008 1657 1137 1689 terror
1167 1650 1306 1689 habet.

299 1708 369 1748 Cui
402 1709 472 1747 dea
506 1706 575 1747 ene
609 1710 771 1747 nimium
803 1708 983 1747 terrere!
1027 1708 1168 1759 piabile
1201 1709 1348 1748 fulmen

208 1775 276 1806 290
354 1766 425 1805 Est
444 1763 474 1817 ‚²
507 1767 560 1804 ait
592 1763 652 1804 eet
684 1769 787 1805 saevi
817 1767 988 1805 flectitur
1020 1769 1076 1805 ira
1108 1766 1230 1805 Iovis.

299 1825 374 1864 Sed
407 1829 593 1875 poterunt
625 1826 744 1863 ritum
776 1823 891 1863 Picus
923 1824 1157 1875 Faunusque
1190 1824 1321 1875 piandi

355 1882 525 1921 Tradere
544 1913 555 1934 ,
587 1881 750 1921 Romani
782 1895 927 1921 numen
958 1888 1170 1933 utrumque
1203 1883 1300 1922 soli.

296 1941 377 1980 Nec
410 1942 493 1979 sine
525 1942 562 1979 vi
593 1941 776 1980 tradent:
821 1940 1001 1979 adhibeto
1033 1941 1186 1980 vincula
1218 1938 1386 1993 captis3'

355 2000 481 2050 Atque
514 2000 594 2050 ita,
628 2011 702 2050 qua
735 2000 914 2050 possint,
947 1999 1105 2051 erudit,
1137 2005 1219 2038 arte
1252 2001 1359 2050 capi.

208 2066 275 2097 295
296 2057 426 2097 Lucus
459 2057 648 2096 Aventino
682 2057 842 2096 suberat
873 2059 983 2107 niger
1014 2057 1114 2096 ilicis
1145 2057 1306 2109 umbra,

355 2116 439 2161 Quo
472 2127 608 2166 posses
640 2117 721 2154 viso
754 2115 886 2154 dicere
920 2113 1084 2154 tnumen
1116 2112 1263 2154 inest!'

294 2174 339 2212 In
370 2173 497 2213 medio
530 2185 688 2224 gramen
707 2205 718 2224 ‚
751 2185 964 2224 muscoque
996 2173 1180 2224 adoperta
1212 2175 1354 2212 virenti

354 2231 530 2271 Manabat
561 2244 652 2270 saxo
685 2243 781 2270 vena
812 2233 996 2283 perennis
1028 2243 1172 2282 aquae.

296 2289 389 2328 Inde
422 2291 502 2328 fere
537 2290 607 2329 soli
638 2290 795 2329 Faunus
827 2290 1022 2341 Picusque
1054 2289 1259 2329 bibebant.
