1570 2527
1303 107 1388 142 XXI

48 214 219 264 spatium
257 214 334 253 erit
369 212 676 252 concedendum:
717 215 935 265 elegiarum
971 215 1125 253 nullum
1155 216 1233 255 fuit
1268 217 1387 256 inter:

48 273 200 312 stitium
229 285 356 322 neque
386 273 660 322 inscriptiones
691 273 796 311 ullae
828 274 869 311 in
900 274 1126 324 archetypo.

164 331 389 369 Primatum
418 332 543 381 igitur
573 331 809 381 paginarum
829 327 895 385 (2)
917 335 957 371 et
976 328 1041 385 (3)
1069 333 1233 371 eandem
1259 334 1388 373 condi-

46 390 195 428 cionem
225 392 321 439 puto
346 390 478 438 fuisse,
511 403 629 439 quam
661 393 842 440 quartae:
876 392 1066 429 detritum
1091 405 1213 429 unum
1238 392 1280 430 in
1305 406 1386 431 om-

46 449 162 488 nibus
194 448 402 497 distichon,
434 449 600 487 suffecta
629 449 777 498 ubique
809 449 913 498 bina,
945 450 1114 488 fortasse
1144 463 1224 488 non
1255 452 1387 490 omnia

45 507 183 546 eodem
225 508 414 556 tempore.
488 508 656 546 disticha
701 508 753 546 65
799 508 849 546 ad
895 509 947 547 68
992 509 1223 558 proscripsit
1265 510 1386 548 Bent-

45 566 163 614 leius,
208 567 379 604 alterum
418 579 498 604 non
527 568 691 615 propter
725 567 966 616 pentametri
997 568 1215 606 clausulam
1248 569 1385 618 solam,

43 627 158 674 puto,
191 624 259 663 sed
289 627 453 674 propter
484 625 731 675 argutiarum
762 626 976 675 tumorem3
1016 626 1136 664 etiam
1166 627 1389 676 proximum

42 684 160 732 plane
193 685 385 732 evagatur
417 696 440 721 a
471 684 668 721 sententia
699 684 899 722 instituta:
938 697 1017 723 non
1048 684 1095 722 de
1129 685 1249 723 animi
1280 686 1387 724 infir-

43 742 182 780 mitate
202 741 345 791 agitur,
378 743 423 779 ut
442 741 462 779 I
481 750 516 779 11
539 743 605 790 55,
638 741 740 779 unde
771 743 868 780 haec
895 744 1066 792 sumpta,
1099 744 1167 781 sed
1187 744 1234 781 de
1253 756 1389 783 morsu

44 800 291 849 stimulisque
317 800 590 849 conscientiae,
622 800 690 849 qui
714 800 1031 839 reconciliatione
1056 802 1183 839 levari
1207 806 1385 851 possunt.

44 860 128 898 eius
173 859 256 908 spei
301 859 435 908 aliqua
477 859 624 897 mentio
669 871 806 898 versus
858 861 910 897 63
964 861 1003 897 et
1051 861 1104 898 68
1149 862 1389 911 conexuerit,

44 919 210 967 oportet.
283 918 388 955 inter
420 919 476 956 40
509 920 550 956 et
581 919 634 956 45
669 917 763 968 quid
795 917 994 967 exciderit,
1027 918 1103 956 dici
1132 931 1212 957 non
1236 922 1387 968 potest:

41 977 303 1026 interpolator
334 977 437 1015 alter
467 979 629 1026 propter
660 989 796 1015 vocem
821 979 1008 1015 vaticinor
1033 990 1068 1016 v.
1096 978 1164 1026 47,
1198 978 1302 1028 quod
1328 981 1389 1018 est

43 1048 88 1073 eo
120 1048 253 1084 sensu,
286 1048 362 1084 quo
393 1035 484 1073 Met.
519 1035 574 1072 VI
597 1036 677 1074 159
711 1035 784 1072 XV
812 1037 913 1084 174,
944 1037 1250 1085 vaticiwatorem,
1283 1038 1389 1086 quod

41 1095 277 1133 vocabulum
315 1094 466 1132 duobus
504 1094 670 1132 saeculis
701 1092 840 1133 Ovidio
872 1095 1068 1132 recentius
1101 1106 1186 1133 esse
1221 1095 1387 1146 videtur,

42 1165 209 1203 eumque
242 1153 411 1196 Dianae,
449 1153 585 1201 plane,
624 1154 740 1201 puto,
779 1152 876 1190 alias
914 1153 1175 1202 incognitum,
1216 1153 1386 1193 induxit:

42 1213 144 1250 alter
175 1212 293 1249 aliter
324 1211 584 1249 excusandam
617 1211 940 1260 superstitionem
976 1212 1152 1262 putavit,
1194 1213 1307 1262 quasi
1338 1213 1385 1251 de

40 1271 114 1308 hac
144 1270 392 1319 potissimum
423 1282 466 1307 re
498 1272 695 1319 ageretur.

161 1329 432 1367 Proximarum
469 1338 553 1366 XIII
589 1326 825 1377 paginarum
858 1323 923 1381 (8)
969 1331 1146 1367 extrema
1190 1330 1385 1370 distichon

40 1387 173 1436 habet,
205 1388 309 1436 quod
339 1400 464 1436 neque
498 1388 698 1425 emendari
729 1399 845 1436 posse
876 1387 1045 1436 videtur,
1078 1400 1204 1436 neque
1236 1390 1296 1426 uti
1322 1390 1384 1428 edi

43 1447 154 1494 solet,
193 1458 350 1484 sensum
380 1445 517 1483 habet:
558 1441 623 1493 ‘di,
655 1445 760 1483 inter
791 1457 889 1494 quos
920 1446 1005 1494 ipse
1037 1444 1192 1495 Caesar,
1224 1447 1384 1498 faciant,

41 1507 86 1542 ut
130 1504 202 1542 sub
248 1505 322 1542 hoc
364 1505 473 1542 terra
515 1499 593 1542 sit'.
669 1503 914 1541 adiciendum
958 1506 1044 1542 erat
1085 1507 1177 1553 post
1221 1519 1256 1544 v.
1300 1508 1383 1545 100

41 1563 168 1601 velut:
202 1558 258 1600 ‘Si
291 1563 541 1600 maiestatem
573 1564 731 1600 sanctae
763 1562 971 1600 clementia
997 1563 1151 1611 mentis,
1183 1563 1384 1604 Iustitiam

40 1622 178 1660 veniae
222 1621 256 1658 si
300 1621 511 1659 comitatur
559 1617 697 1658 amor'.
770 1632 938 1669 namque
983 1621 1066 1659 sine
1117 1621 1250 1670 aliqua
1298 1624 1382 1662 eius

39 1679 145 1717 mofli
181 1679 433 1717 conversione
471 1679 574 1729 qued
612 1679 806 1728 sequitur,
845 1678 900 1717 At
937 1683 976 1717 tu
1012 1679 1286 1719 inconcinnum
1323 1682 1381 1720 fo-

39 1741 112 1777 ret.
178 1738 235 1776 ita
265 1751 358 1777 vero
392 1738 425 1776 si
455 1738 600 1787 pagina
630 1738 777 1786 finitur,
808 1738 960 1787 priores
985 1738 1075 1776 inde
1107 1751 1130 1776 a
1152 1735 1216 1790 (5)
1238 1740 1382 1780 alicubi

40 1796 241 1835 abundant
271 1796 455 1835 disticho:
495 1796 706 1834 delendum
735 1797 923 1846 proposui
953 1797 972 1834 I
1002 1806 1037 1835 ΙΙ
1070 1799 1123 1836 36
1164 1800 1237 1847 37,
1277 1800 1382 1848 quod

39 1857 144 1894 certe
187 1868 491 1905 supervacuum,
533 1855 803 1905 importunum
839 1856 955 1905 adeo,
999 1858 1191 1905 quantum
1235 1859 1381 1907 sentio;

37 1915 136 1952 nihil
166 1916 298 1952 tamen
336 1915 434 1953 certi
470 1915 703 1964 plerumque
740 1915 782 1952 in
821 1914 894 1953 hoc
931 1927 1085 1964 genere.
1162 1919 1382 1964 sequuntur

38 1974 205 2023 paginae
250 1968 314 2026 (9)
360 1973 410 2011 ad
447 1970 540 2024 (15)
577 1973 766 2023 integrae.
839 1974 985 2023 pagina
1022 1968 1118 2026 (16)
1157 1973 1302 2012 desinit
1338 1975 1381 2013 in

37 2032 265 2080 distichum,
308 2032 412 2081 quod
453 2032 658 2080 Heinsius,
704 2031 961 2080 Schraderus,
1005 2032 1072 2069 alii
1110 2032 1196 2069 iure
1232 2033 1379 2082 impro-

36 2091 192 2130 barunt.
266 2091 403 2140 quaeri
439 2093 589 2139 potest,
634 2103 728 2128 num
767 2092 992 2140 suppletum
1031 2090 1082 2128 sit
1123 2103 1195 2139 pro
1240 2092 1379 2141 altero,

37 2149 140 2198 quod
172 2152 402 2197 evanuerat,
435 2162 485 2187 an
516 2162 539 2186 a
568 2149 721 2187 novicio
752 2150 1037 2198 interpolatore
1069 2149 1276 2187 adiectum.
1346 2150 1380 2189 si

36 2208 77 2244 in
106 2207 310 2256 proximis,
348 2208 489 2257 quibus
528 2207 574 2245 de
605 2208 858 2258 navigatione
890 2210 1030 2257 poetae
1063 2208 1223 2257 dicitur,
1261 2222 1380 2257 quam

35 2266 76 2303 in
108 2266 276 2304 Pontum
306 2267 435 2315 ipsum
461 2267 612 2305 nullam
637 2267 742 2315 fecit,
775 2267 1005 2305 recentioris
1032 2279 1170 2305 manus
1196 2267 1378 2305 fraudem

35 2325 226 2374 suspicari
257 2325 404 2374 liceret,
436 2326 564 2363 minus
596 2326 747 2375 negotii
779 2327 883 2363 esset
913 2326 955 2363 in
980 2325 1228 2375 difficultate,
1260 2339 1379 2375 quam
