<?xml version="1.0" encoding="UTF-8"?>
<!DOCTYPE html PUBLIC "-//W3C//DTD XHTML 1.0 Transitional//EN"
    "http://www.w3.org/TR/xhtml1/DTD/xhtml1-transitional.dtd">
<html xmlns="http://www.w3.org/1999/xhtml" xml:lang="en" lang="en">
 <head>
  <title>
</title>
<meta http-equiv="Content-Type" content="text/html;charset=utf-8" />
  <meta name='ocr-system' content='tesseract 3.04.00' />
  <meta name='ocr-capabilities' content='ocr_page ocr_carea ocr_par ocr_line ocrx_word'/>
</head>
<body>
  <div class='ocr_page' id='page_1' title='image "./ovidopera03oviduoft_0161.png"; bbox 0 0 1570 2527; ppageno 0'>
   <div class='ocr_carea' id='block_1_1' title="bbox 538 133 1326 174">
    <p class='ocr_par' dir='ltr' id='par_1_1' title="bbox 538 133 1326 174">
     <span class='ocr_line' id='line_1_1' title="bbox 538 133 1326 174; baseline 0.009 -9"><span class='ocrx_word' id='word_1_1' title='bbox 538 133 577 165; x_wconf 84' lang='lat' dir='ltr'>V.</span> <span class='ocrx_word' id='word_1_2' title='bbox 606 135 777 166; x_wconf 78' lang='lat'>97—170.</span> <span class='ocrx_word' id='word_1_3' title='bbox 1246 133 1326 174; x_wconf 73' lang='lat'>107</span> 
     </span>
    </p>
   </div>
   <div class='ocr_carea' id='block_1_2' title="bbox 17 240 1326 2399">
    <p class='ocr_par' dir='ltr' id='par_1_2' title="bbox 21 240 1175 353">
     <span class='ocr_line' id='line_1_2' title="bbox 165 240 1132 292; baseline 0 -12"><span class='ocrx_word' id='word_1_4' title='bbox 165 240 302 280; x_wconf 91' lang='lat' dir='ltr'>Leniat</span> <span class='ocrx_word' id='word_1_5' title='bbox 333 246 400 280; x_wconf 90' lang='lat' dir='ltr'>aut</span> <span class='ocrx_word' id='word_1_6' title='bbox 431 241 562 280; x_wconf 92' lang='lat' dir='ltr'>odium</span> <span class='ocrx_word' id='word_1_7' title='bbox 594 247 750 292; x_wconf 90' lang='lat' dir='ltr'>tempus</span> <span class='ocrx_word' id='word_1_8' title='bbox 782 247 821 280; x_wconf 89' lang='lat' dir='ltr'>et</span> <span class='ocrx_word' id='word_1_9' title='bbox 852 240 947 279; x_wconf 91' lang='lat' dir='ltr'>hora</span> <span class='ocrx_word' id='word_1_10' title='bbox 979 253 1132 280; x_wconf 90' lang='lat' dir='ltr'>meum.</span> 
     </span>
     <span class='ocr_line' id='line_1_3' title="bbox 21 299 1175 353; baseline 0 -14"><span class='ocrx_word' id='word_1_11' title='bbox 21 308 85 339; x_wconf 87' lang='lat'>135</span> <span class='ocrx_word' id='word_1_12' title='bbox 105 299 342 350; x_wconf 85' lang='lat' dir='ltr'>Pugnabunt</span> <span class='ocrx_word' id='word_1_13' title='bbox 373 311 466 338; x_wconf 90' lang='lat' dir='ltr'>arcu</span> <span class='ocrx_word' id='word_1_14' title='bbox 499 299 590 338; x_wconf 91' lang='lat' dir='ltr'>dum</span> <span class='ocrx_word' id='word_1_15' title='bbox 623 299 795 338; x_wconf 89' lang='lat' dir='ltr'>Thraces</span> <span class='ocrx_word' id='word_1_16' title='bbox 815 331 825 350; x_wconf 88' lang='lat'><em>,</em></span> <span class='ocrx_word' id='word_1_17' title='bbox 857 299 1010 350; x_wconf 85' lang='lat' dir='ltr'>Iazyges</span> <span class='ocrx_word' id='word_1_18' title='bbox 1042 300 1175 353; x_wconf 81' lang='lat' dir='ltr'>hasta,</span> 
     </span>
    </p>

    <p class='ocr_par' dir='ltr' id='par_1_3' title="bbox 94 357 1239 588">
     <span class='ocr_line' id='line_1_4' title="bbox 165 357 1159 411; baseline 0.001 -15"><span class='ocrx_word' id='word_1_19' title='bbox 165 357 264 397; x_wconf 88' lang='lat' dir='ltr'>Dum</span> <span class='ocrx_word' id='word_1_20' title='bbox 297 358 453 409; x_wconf 89' lang='lat' dir='ltr'>tepidus</span> <span class='ocrx_word' id='word_1_21' title='bbox 486 357 668 410; x_wconf 86' lang='lat' dir='ltr'>Ganges,</span> <span class='ocrx_word' id='word_1_22' title='bbox 700 358 865 409; x_wconf 86' lang='lat' dir='ltr'>frigidus</span> <span class='ocrx_word' id='word_1_23' title='bbox 897 358 1030 397; x_wconf 83' lang='lat' dir='ltr'>Hister</span> <span class='ocrx_word' id='word_1_24' title='bbox 1062 361 1159 411; x_wconf 78' lang='lat' dir='ltr'>erit3</span> 
     </span>
     <span class='ocr_line' id='line_1_5' title="bbox 94 416 1239 469; baseline 0.001 -14"><span class='ocrx_word' id='word_1_25' title='bbox 94 416 261 465; x_wconf 64' lang='lat' dir='ltr'>&gt;Robora</span> <span class='ocrx_word' id='word_1_26' title='bbox 293 417 385 455; x_wconf 90' lang='lat' dir='ltr'>dum</span> <span class='ocrx_word' id='word_1_27' title='bbox 418 423 600 468; x_wconf 84' lang='lat' dir='ltr'>montes,</span> <span class='ocrx_word' id='word_1_28' title='bbox 633 417 726 455; x_wconf 91' lang='lat' dir='ltr'>dum</span> <span class='ocrx_word' id='word_1_29' title='bbox 759 416 886 455; x_wconf 89' lang='lat' dir='ltr'>mollia</span> <span class='ocrx_word' id='word_1_30' title='bbox 918 417 1058 467; x_wconf 90' lang='lat' dir='ltr'>pabula</span> <span class='ocrx_word' id='word_1_31' title='bbox 1091 419 1239 469; x_wconf 85' lang='lat' dir='ltr'>campi,</span> 
     </span>
     <span class='ocr_line' id='line_1_6' title="bbox 164 475 1199 527; baseline 0.001 -14"><span class='ocrx_word' id='word_1_32' title='bbox 164 475 262 513; x_wconf 89' lang='lat' dir='ltr'>Dum</span> <span class='ocrx_word' id='word_1_33' title='bbox 296 475 450 514; x_wconf 88' lang='lat' dir='ltr'>Tiberis</span> <span class='ocrx_word' id='word_1_34' title='bbox 482 475 648 526; x_wconf 89' lang='lat' dir='ltr'>liquidas</span> <span class='ocrx_word' id='word_1_35' title='bbox 681 475 835 514; x_wconf 80' lang='lat' dir='ltr'><strong>Tuscus</strong></span> <span class='ocrx_word' id='word_1_36' title='bbox 866 475 1025 514; x_wconf 89' lang='lat' dir='ltr'>habebit</span> <span class='ocrx_word' id='word_1_37' title='bbox 1057 488 1199 527; x_wconf 84' lang='lat' dir='ltr'>aquas,</span> 
     </span>
     <span class='ocr_line' id='line_1_7' title="bbox 106 533 1236 588; baseline 0.001 -16"><span class='ocrx_word' id='word_1_38' title='bbox 106 533 252 572; x_wconf 84' lang='lat' dir='ltr'><strong>Tecum</strong></span> <span class='ocrx_word' id='word_1_39' title='bbox 284 533 383 572; x_wconf 90' lang='lat' dir='ltr'>bella</span> <span class='ocrx_word' id='word_1_40' title='bbox 415 545 576 584; x_wconf 89' lang='lat' dir='ltr'>geram.</span> <span class='ocrx_word' id='word_1_41' title='bbox 629 546 700 572; x_wconf 91' lang='lat' dir='ltr'>nec</span> <span class='ocrx_word' id='word_1_42' title='bbox 731 546 838 573; x_wconf 90' lang='lat' dir='ltr'>mors</span> <span class='ocrx_word' id='word_1_43' title='bbox 871 534 966 572; x_wconf 90' lang='lat' dir='ltr'>mihi</span> <span class='ocrx_word' id='word_1_44' title='bbox 997 535 1106 573; x_wconf 81' lang='lat' dir='ltr'>finiet</span> <span class='ocrx_word' id='word_1_45' title='bbox 1136 536 1236 588; x_wconf 82' lang='lat' dir='ltr'>iras,</span> 
     </span>
    </p>

    <p class='ocr_par' dir='ltr' id='par_1_4' title="bbox 17 591 1326 2399">
     <span class='ocr_line' id='line_1_8' title="bbox 20 591 1108 632; baseline 0.002 -2"><span class='ocrx_word' id='word_1_46' title='bbox 20 599 84 631; x_wconf 89' lang='lat'>140</span> <span class='ocrx_word' id='word_1_47' title='bbox 165 591 285 631; x_wconf 88' lang='lat' dir='ltr'>Saeva</span> <span class='ocrx_word' id='word_1_48' title='bbox 318 593 386 631; x_wconf 68' lang='lat' dir='ltr'>sed</span> <span class='ocrx_word' id='word_1_49' title='bbox 418 594 597 631; x_wconf 86' lang='lat' dir='ltr'>innocuis</span> <span class='ocrx_word' id='word_1_50' title='bbox 630 593 808 632; x_wconf 90' lang='lat' dir='ltr'>manibus</span> <span class='ocrx_word' id='word_1_51' title='bbox 841 605 947 631; x_wconf 90' lang='lat' dir='ltr'>arma</span> <span class='ocrx_word' id='word_1_52' title='bbox 979 592 1108 632; x_wconf 89' lang='lat' dir='ltr'>dabit.</span> 
     </span>
     <span class='ocr_line' id='line_1_9' title="bbox 105 649 1326 703; baseline 0.002 -15"><span class='ocrx_word' id='word_1_53' title='bbox 105 649 216 689; x_wconf 91' lang='lat' dir='ltr'>Tunc</span> <span class='ocrx_word' id='word_1_54' title='bbox 249 663 434 703; x_wconf 87' lang='lat' dir='ltr'>quoque,</span> <span class='ocrx_word' id='word_1_55' title='bbox 471 664 559 690; x_wconf 89' lang='lat' dir='ltr'>cum</span> <span class='ocrx_word' id='word_1_56' title='bbox 592 652 703 690; x_wconf 87' lang='lat' dir='ltr'>fuero</span> <span class='ocrx_word' id='word_1_57' title='bbox 737 663 877 690; x_wconf 88' lang='lat' dir='ltr'>vacuas</span> <span class='ocrx_word' id='word_1_58' title='bbox 910 651 1082 702; x_wconf 88' lang='lat' dir='ltr'>dilapsus</span> <span class='ocrx_word' id='word_1_59' title='bbox 1114 653 1155 691; x_wconf 91' lang='lat' dir='ltr'>in</span> <span class='ocrx_word' id='word_1_60' title='bbox 1187 664 1326 703; x_wconf 73' lang='lat' dir='ltr'>auras,</span> 
     </span>
     <span class='ocr_line' id='line_1_10' title="bbox 163 708 1000 761; baseline 0.001 -14"><span class='ocrx_word' id='word_1_61' title='bbox 163 708 362 748; x_wconf 83' lang='lat' dir='ltr'>Exanimis</span> <span class='ocrx_word' id='word_1_62' title='bbox 395 722 524 748; x_wconf 89' lang='lat' dir='ltr'>mores</span> <span class='ocrx_word' id='word_1_63' title='bbox 557 709 685 748; x_wconf 89' lang='lat' dir='ltr'>oderit</span> <span class='ocrx_word' id='word_1_64' title='bbox 716 709 854 748; x_wconf 90' lang='lat' dir='ltr'>umbra</span> <span class='ocrx_word' id='word_1_65' title='bbox 887 715 1000 761; x_wconf 88' lang='lat' dir='ltr'>tuos,</span> 
     </span>
     <span class='ocr_line' id='line_1_11' title="bbox 104 767 1326 818; baseline 0.001 -12"><span class='ocrx_word' id='word_1_66' title='bbox 104 767 214 806; x_wconf 90' lang='lat' dir='ltr'>Tunc</span> <span class='ocrx_word' id='word_1_67' title='bbox 241 780 397 818; x_wconf 89' lang='lat' dir='ltr'>quoque</span> <span class='ocrx_word' id='word_1_68' title='bbox 424 769 615 806; x_wconf 87' lang='lat' dir='ltr'>factorum</span> <span class='ocrx_word' id='word_1_69' title='bbox 637 770 787 806; x_wconf 89' lang='lat' dir='ltr'>veniam</span> <span class='ocrx_word' id='word_1_70' title='bbox 814 780 963 806; x_wconf 83' lang='lat' dir='ltr'>memor</span> <span class='ocrx_word' id='word_1_71' title='bbox 983 767 1123 806; x_wconf 87' lang='lat' dir='ltr'>umbra</span> <span class='ocrx_word' id='word_1_72' title='bbox 1149 774 1326 818; x_wconf 83' lang='lat' dir='ltr'>tuorum,</span> 
     </span>
     <span class='ocr_line' id='line_1_12' title="bbox 162 825 1024 877; baseline 0 -13"><span class='ocrx_word' id='word_1_73' title='bbox 162 825 351 877; x_wconf 81' lang='lat' dir='ltr'>Insequar</span> <span class='ocrx_word' id='word_1_74' title='bbox 383 832 422 865; x_wconf 88' lang='lat' dir='ltr'>et</span> <span class='ocrx_word' id='word_1_75' title='bbox 453 826 583 865; x_wconf 86' lang='lat' dir='ltr'>vultus</span> <span class='ocrx_word' id='word_1_76' title='bbox 615 838 725 865; x_wconf 92' lang='lat' dir='ltr'>ossea</span> <span class='ocrx_word' id='word_1_77' title='bbox 758 827 882 864; x_wconf 85' lang='lat' dir='ltr'>forma</span> <span class='ocrx_word' id='word_1_78' title='bbox 916 832 1024 864; x_wconf 89' lang='lat' dir='ltr'>tuos.</span> 
     </span>
     <span class='ocr_line' id='line_1_13' title="bbox 17 884 1325 937; baseline 0 -14"><span class='ocrx_word' id='word_1_79' title='bbox 17 891 84 923; x_wconf 88' lang='lat'>145</span> <span class='ocrx_word' id='word_1_80' title='bbox 106 884 194 923; x_wconf 86' lang='lat' dir='ltr'>Sive</span> <span class='ocrx_word' id='word_1_81' title='bbox 225 897 319 936; x_wconf 86' lang='lat' dir='ltr'>ego,</span> <span class='ocrx_word' id='word_1_82' title='bbox 353 884 455 935; x_wconf 90' lang='lat' dir='ltr'>quod</span> <span class='ocrx_word' id='word_1_83' title='bbox 483 884 648 936; x_wconf 81' lang='lat' dir='ltr'>nollem,</span> <span class='ocrx_word' id='word_1_84' title='bbox 681 884 806 935; x_wconf 89' lang='lat' dir='ltr'>longis</span> <span class='ocrx_word' id='word_1_85' title='bbox 834 890 1092 936; x_wconf 89' lang='lat' dir='ltr'>consumptus</span> <span class='ocrx_word' id='word_1_86' title='bbox 1118 884 1165 923; x_wconf 90' lang='lat' dir='ltr'>ab</span> <span class='ocrx_word' id='word_1_87' title='bbox 1193 887 1325 937; x_wconf 76' lang='lat' dir='ltr'>annis,</span> 
     </span>
     <span class='ocr_line' id='line_1_14' title="bbox 164 942 1000 982; baseline 0.001 -1"><span class='ocrx_word' id='word_1_88' title='bbox 164 942 252 982; x_wconf 90' lang='lat' dir='ltr'>Sive</span> <span class='ocrx_word' id='word_1_89' title='bbox 284 955 401 982; x_wconf 91' lang='lat' dir='ltr'>manu</span> <span class='ocrx_word' id='word_1_90' title='bbox 434 944 535 981; x_wconf 84' lang='lat' dir='ltr'>sacta</span> <span class='ocrx_word' id='word_1_91' title='bbox 566 949 690 982; x_wconf 91' lang='lat' dir='ltr'>morte</span> <span class='ocrx_word' id='word_1_92' title='bbox 725 943 876 982; x_wconf 92' lang='lat' dir='ltr'>solutus</span> <span class='ocrx_word' id='word_1_93' title='bbox 909 955 1000 982; x_wconf 91' lang='lat' dir='ltr'>ero:</span> 
     </span>
     <span class='ocr_line' id='line_1_15' title="bbox 105 1001 1154 1054; baseline 0 -14"><span class='ocrx_word' id='word_1_94' title='bbox 105 1001 192 1041; x_wconf 90' lang='lat' dir='ltr'>Sive</span> <span class='ocrx_word' id='word_1_95' title='bbox 224 1014 296 1053; x_wconf 90' lang='lat' dir='ltr'>per</span> <span class='ocrx_word' id='word_1_96' title='bbox 327 1003 524 1040; x_wconf 90' lang='lat' dir='ltr'>inmensas</span> <span class='ocrx_word' id='word_1_97' title='bbox 556 1001 729 1041; x_wconf 87' lang='lat' dir='ltr'>iactabor</span> <span class='ocrx_word' id='word_1_98' title='bbox 761 1002 973 1053; x_wconf 86' lang='lat' dir='ltr'>naufragus</span> <span class='ocrx_word' id='word_1_99' title='bbox 1006 1002 1154 1054; x_wconf 81' lang='lat' dir='ltr'>undas,</span> 
     </span>
     <span class='ocr_line' id='line_1_16' title="bbox 162 1060 1129 1112; baseline -0.001 -13"><span class='ocrx_word' id='word_1_100' title='bbox 162 1060 381 1111; x_wconf 83' lang='lat' dir='ltr'>Nostraque</span> <span class='ocrx_word' id='word_1_101' title='bbox 413 1060 650 1111; x_wconf 86' lang='lat' dir='ltr'>longinquus</span> <span class='ocrx_word' id='word_1_102' title='bbox 683 1062 831 1099; x_wconf 88' lang='lat' dir='ltr'>viscera</span> <span class='ocrx_word' id='word_1_103' title='bbox 864 1062 983 1112; x_wconf 91' lang='lat' dir='ltr'>piscis</span> <span class='ocrx_word' id='word_1_104' title='bbox 1016 1060 1129 1099; x_wconf 89' lang='lat' dir='ltr'>edet:</span> 
     </span>
     <span class='ocr_line' id='line_1_17' title="bbox 106 1118 1208 1170; baseline 0.001 -13"><span class='ocrx_word' id='word_1_105' title='bbox 106 1118 193 1157; x_wconf 89' lang='lat' dir='ltr'>Sive</span> <span class='ocrx_word' id='word_1_106' title='bbox 224 1120 455 1169; x_wconf 81' lang='lat' dir='ltr'>peregrinae</span> <span class='ocrx_word' id='word_1_107' title='bbox 487 1125 650 1170; x_wconf 80' lang='lat' dir='ltr'>carpent</span> <span class='ocrx_word' id='word_1_108' title='bbox 681 1131 765 1158; x_wconf 88' lang='lat' dir='ltr'>mea</span> <span class='ocrx_word' id='word_1_109' title='bbox 798 1119 972 1158; x_wconf 83' lang='lat' dir='ltr'>membra</span> <span class='ocrx_word' id='word_1_110' title='bbox 1005 1119 1208 1158; x_wconf 87' lang='lat' dir='ltr'>volucres:</span> 
     </span>
     <span class='ocr_line' id='line_1_18' title="bbox 17 1176 1100 1229; baseline 0.001 -14"><span class='ocrx_word' id='word_1_111' title='bbox 17 1184 82 1216; x_wconf 90' lang='lat'>150</span> <span class='ocrx_word' id='word_1_112' title='bbox 155 1176 252 1216; x_wconf 79' lang='lat' dir='ltr'>Sive</span> <span class='ocrx_word' id='word_1_113' title='bbox 284 1189 370 1216; x_wconf 89' lang='lat' dir='ltr'>meo</span> <span class='ocrx_word' id='word_1_114' title='bbox 403 1179 585 1228; x_wconf 89' lang='lat' dir='ltr'>tinguent</span> <span class='ocrx_word' id='word_1_115' title='bbox 617 1179 804 1229; x_wconf 85' lang='lat' dir='ltr'>sanguine</span> <span class='ocrx_word' id='word_1_116' title='bbox 836 1184 965 1217; x_wconf 89' lang='lat' dir='ltr'>rostra</span> <span class='ocrx_word' id='word_1_117' title='bbox 997 1177 1100 1228; x_wconf 89' lang='lat' dir='ltr'>lupi:</span> 
     </span>
     <span class='ocr_line' id='line_1_19' title="bbox 105 1235 1100 1287; baseline 0 -13"><span class='ocrx_word' id='word_1_118' title='bbox 105 1235 192 1274; x_wconf 91' lang='lat' dir='ltr'>Sive</span> <span class='ocrx_word' id='word_1_119' title='bbox 225 1235 365 1286; x_wconf 87' lang='lat' dir='ltr'>aliquis</span> <span class='ocrx_word' id='word_1_120' title='bbox 397 1236 578 1286; x_wconf 86' lang='lat' dir='ltr'>dignatus</span> <span class='ocrx_word' id='word_1_121' title='bbox 611 1238 686 1275; x_wconf 88' lang='lat' dir='ltr'>erit</span> <span class='ocrx_word' id='word_1_122' title='bbox 717 1236 940 1287; x_wconf 84' lang='lat' dir='ltr'>subponere</span> <span class='ocrx_word' id='word_1_123' title='bbox 973 1241 1100 1274; x_wconf 89' lang='lat' dir='ltr'>terrae</span> 
     </span>
     <span class='ocr_line' id='line_1_20' title="bbox 161 1293 994 1346; baseline 0.001 -14"><span class='ocrx_word' id='word_1_124' title='bbox 161 1293 211 1333; x_wconf 92' lang='lat' dir='ltr'>Et</span> <span class='ocrx_word' id='word_1_125' title='bbox 242 1294 334 1333; x_wconf 91' lang='lat' dir='ltr'>dare</span> <span class='ocrx_word' id='word_1_126' title='bbox 366 1294 519 1345; x_wconf 90' lang='lat' dir='ltr'>plebeio</span> <span class='ocrx_word' id='word_1_127' title='bbox 553 1306 696 1346; x_wconf 88' lang='lat' dir='ltr'>corpus</span> <span class='ocrx_word' id='word_1_128' title='bbox 728 1296 842 1333; x_wconf 92' lang='lat' dir='ltr'>inane</span> <span class='ocrx_word' id='word_1_129' title='bbox 875 1306 994 1345; x_wconf 84' lang='lat' dir='ltr'>rogo:</span> 
     </span>
     <span class='ocr_line' id='line_1_21' title="bbox 105 1352 1199 1405; baseline 0 -14"><span class='ocrx_word' id='word_1_130' title='bbox 105 1352 301 1404; x_wconf 83' lang='lat' dir='ltr'>Quidquid</span> <span class='ocrx_word' id='word_1_131' title='bbox 335 1365 402 1391; x_wconf 89' lang='lat' dir='ltr'>ero</span> <span class='ocrx_word' id='word_1_132' title='bbox 421 1384 431 1404; x_wconf 84' lang='lat'><em>‚</em></span> <span class='ocrx_word' id='word_1_133' title='bbox 466 1353 608 1404; x_wconf 74' lang='lat' dir='ltr'>Stygiis</span> <span class='ocrx_word' id='word_1_134' title='bbox 642 1365 849 1404; x_wconf 90' lang='lat' dir='ltr'>erumpere</span> <span class='ocrx_word' id='word_1_135' title='bbox 882 1355 983 1392; x_wconf 89' lang='lat' dir='ltr'>nitar</span> <span class='ocrx_word' id='word_1_136' title='bbox 1015 1352 1062 1391; x_wconf 87' lang='lat' dir='ltr'>ab</span> <span class='ocrx_word' id='word_1_137' title='bbox 1096 1354 1199 1405; x_wconf 86' lang='lat' dir='ltr'>oris,</span> 
     </span>
     <span class='ocr_line' id='line_1_22' title="bbox 162 1411 1076 1462; baseline 0 -13"><span class='ocrx_word' id='word_1_138' title='bbox 162 1411 211 1450; x_wconf 91' lang='lat' dir='ltr'>Et</span> <span class='ocrx_word' id='word_1_139' title='bbox 241 1411 399 1450; x_wconf 89' lang='lat' dir='ltr'>tendam</span> <span class='ocrx_word' id='word_1_140' title='bbox 431 1411 576 1462; x_wconf 87' lang='lat' dir='ltr'>gelidas</span> <span class='ocrx_word' id='word_1_141' title='bbox 608 1411 713 1450; x_wconf 87' lang='lat' dir='ltr'>ultor</span> <span class='ocrx_word' id='word_1_142' title='bbox 743 1413 784 1450; x_wconf 91' lang='lat' dir='ltr'>in</span> <span class='ocrx_word' id='word_1_143' title='bbox 817 1423 884 1449; x_wconf 90' lang='lat' dir='ltr'>ora</span> <span class='ocrx_word' id='word_1_144' title='bbox 917 1423 1076 1450; x_wconf 88' lang='lat' dir='ltr'>manus.</span> 
     </span>
     <span class='ocr_line' id='line_1_23' title="bbox 18 1469 1325 1521; baseline 0 -13"><span class='ocrx_word' id='word_1_145' title='bbox 18 1476 83 1508; x_wconf 90' lang='lat'>155</span> <span class='ocrx_word' id='word_1_146' title='bbox 104 1469 164 1508; x_wconf 90' lang='lat' dir='ltr'>Me</span> <span class='ocrx_word' id='word_1_147' title='bbox 196 1469 357 1520; x_wconf 88' lang='lat' dir='ltr'>vigilans</span> <span class='ocrx_word' id='word_1_148' title='bbox 390 1482 529 1508; x_wconf 90' lang='lat' dir='ltr'>cernes</span> <span class='ocrx_word' id='word_1_149' title='bbox 548 1502 559 1521; x_wconf 87' lang='lat'><em>‚</em></span> <span class='ocrx_word' id='word_1_150' title='bbox 591 1472 719 1508; x_wconf 89' lang='lat' dir='ltr'>tacitis</span> <span class='ocrx_word' id='word_1_151' title='bbox 753 1482 823 1520; x_wconf 88' lang='lat' dir='ltr'>ego</span> <span class='ocrx_word' id='word_1_152' title='bbox 856 1471 982 1508; x_wconf 90' lang='lat' dir='ltr'>noctis</span> <span class='ocrx_word' id='word_1_153' title='bbox 1014 1471 1054 1507; x_wconf 92' lang='lat' dir='ltr'>in</span> <span class='ocrx_word' id='word_1_154' title='bbox 1088 1469 1236 1508; x_wconf 89' lang='lat' dir='ltr'>umbris</span> <span class='ocrx_word' id='word_1_155' title='bbox 1289 1473 1325 1503; x_wconf 59' lang='grc' dir='ltr'>(ὃ)</span> 
     </span>
     <span class='ocr_line' id='line_1_24' title="bbox 163 1528 1012 1567; baseline 0 -1"><span class='ocrx_word' id='word_1_156' title='bbox 163 1528 369 1567; x_wconf 81' lang='lat' dir='ltr'>Excutiam</span> <span class='ocrx_word' id='word_1_157' title='bbox 402 1540 560 1566; x_wconf 83' lang='lat' dir='ltr'>somnos</span> <span class='ocrx_word' id='word_1_158' title='bbox 593 1530 699 1567; x_wconf 85' lang='lat' dir='ltr'>visus</span> <span class='ocrx_word' id='word_1_159' title='bbox 731 1528 867 1567; x_wconf 84' lang='lat' dir='ltr'>adesse</span> <span class='ocrx_word' id='word_1_160' title='bbox 901 1533 1012 1566; x_wconf 90' lang='lat' dir='ltr'>tuos.</span> 
     </span>
     <span class='ocr_line' id='line_1_25' title="bbox 104 1585 1265 1639; baseline -0.001 -14"><span class='ocrx_word' id='word_1_161' title='bbox 104 1587 280 1637; x_wconf 91' lang='lat' dir='ltr'>Denique</span> <span class='ocrx_word' id='word_1_162' title='bbox 314 1586 503 1637; x_wconf 86' lang='lat' dir='ltr'>quidquid</span> <span class='ocrx_word' id='word_1_163' title='bbox 536 1599 655 1639; x_wconf 83' lang='lat' dir='ltr'>ageS,</span> <span class='ocrx_word' id='word_1_164' title='bbox 688 1593 776 1626; x_wconf 90' lang='lat' dir='ltr'>ante</span> <span class='ocrx_word' id='word_1_165' title='bbox 809 1599 852 1625; x_wconf 93' lang='lat' dir='ltr'>os</span> <span class='ocrx_word' id='word_1_166' title='bbox 885 1586 1098 1637; x_wconf 90' lang='lat' dir='ltr'>oculosque</span> <span class='ocrx_word' id='word_1_167' title='bbox 1131 1585 1265 1624; x_wconf 80' lang='lat' dir='ltr'>volabo</span> 
     </span>
     <span class='ocr_line' id='line_1_26' title="bbox 164 1645 1076 1697; baseline 0 -14"><span class='ocrx_word' id='word_1_168' title='bbox 164 1645 214 1683; x_wconf 93' lang='lat' dir='ltr'>Et</span> <span class='ocrx_word' id='word_1_169' title='bbox 246 1657 418 1697; x_wconf 82' lang='lat' dir='ltr'>querar,</span> <span class='ocrx_word' id='word_1_170' title='bbox 452 1651 490 1684; x_wconf 88' lang='lat' dir='ltr'>et</span> <span class='ocrx_word' id='word_1_171' title='bbox 521 1645 626 1684; x_wconf 91' lang='lat' dir='ltr'>nulla</span> <span class='ocrx_word' id='word_1_172' title='bbox 658 1645 750 1684; x_wconf 89' lang='lat' dir='ltr'>sede</span> <span class='ocrx_word' id='word_1_173' title='bbox 784 1647 942 1696; x_wconf 91' lang='lat' dir='ltr'>quietus</span> <span class='ocrx_word' id='word_1_174' title='bbox 975 1647 1076 1683; x_wconf 91' lang='lat' dir='ltr'>eris.</span> 
     </span>
     <span class='ocr_line' id='line_1_27' title="bbox 103 1702 1268 1755; baseline 0.001 -14"><span class='ocrx_word' id='word_1_175' title='bbox 103 1703 274 1742; x_wconf 85' lang='lat' dir='ltr'>Verbera</span> <span class='ocrx_word' id='word_1_176' title='bbox 307 1709 409 1742; x_wconf 87' lang='lat' dir='ltr'>torta</span> <span class='ocrx_word' id='word_1_177' title='bbox 442 1703 591 1742; x_wconf 89' lang='lat' dir='ltr'>dabunt</span> <span class='ocrx_word' id='word_1_178' title='bbox 623 1705 795 1742; x_wconf 90' lang='lat' dir='ltr'>sonitum</span> <span class='ocrx_word' id='word_1_179' title='bbox 827 1716 1028 1754; x_wconf 81' lang='lat' dir='ltr'>nexaeque</span> <span class='ocrx_word' id='word_1_180' title='bbox 1062 1702 1268 1755; x_wconf 86' lang='lat' dir='ltr'>colubrae,</span> 
     </span>
     <span class='ocr_line' id='line_1_28' title="bbox 18 1761 1091 1814; baseline 0 -14"><span class='ocrx_word' id='word_1_181' title='bbox 18 1770 84 1801; x_wconf 85' lang='grc'>160</span> <span class='ocrx_word' id='word_1_182' title='bbox 163 1762 326 1801; x_wconf 83' lang='lat' dir='ltr'>Conscia</span> <span class='ocrx_word' id='word_1_183' title='bbox 357 1761 566 1801; x_wconf 79' lang='lat' dir='ltr'>fumabunt</span> <span class='ocrx_word' id='word_1_184' title='bbox 597 1775 753 1814; x_wconf 87' lang='lat' dir='ltr'>semper</span> <span class='ocrx_word' id='word_1_185' title='bbox 785 1762 831 1800; x_wconf 90' lang='lat' dir='ltr'>ad</span> <span class='ocrx_word' id='word_1_186' title='bbox 865 1774 931 1800; x_wconf 89' lang='lat' dir='ltr'>ora</span> <span class='ocrx_word' id='word_1_187' title='bbox 963 1763 1091 1801; x_wconf 85' lang='lat' dir='ltr'>faces.</span> 
     </span>
     <span class='ocr_line' id='line_1_29' title="bbox 105 1820 1113 1872; baseline 0 -13"><span class='ocrx_word' id='word_1_188' title='bbox 105 1820 173 1859; x_wconf 90' lang='lat' dir='ltr'>His</span> <span class='ocrx_word' id='word_1_189' title='bbox 206 1822 315 1859; x_wconf 91' lang='lat' dir='ltr'>vivus</span> <span class='ocrx_word' id='word_1_190' title='bbox 347 1821 460 1859; x_wconf 86' lang='lat' dir='ltr'>furiis</span> <span class='ocrx_word' id='word_1_191' title='bbox 493 1820 690 1871; x_wconf 84' lang='lat' dir='ltr'>agitabere</span> <span class='ocrx_word' id='word_1_192' title='bbox 710 1853 720 1872; x_wconf 85' lang='lat'>,</span> <span class='ocrx_word' id='word_1_193' title='bbox 752 1827 933 1860; x_wconf 88' lang='lat' dir='ltr'>mortuus</span> <span class='ocrx_word' id='word_1_194' title='bbox 965 1820 1113 1872; x_wconf 88' lang='lat' dir='ltr'>isdem,</span> 
     </span>
     <span class='ocr_line' id='line_1_30' title="bbox 162 1878 1041 1930; baseline 0.001 -13"><span class='ocrx_word' id='word_1_195' title='bbox 162 1879 211 1918; x_wconf 92' lang='lat' dir='ltr'>Et</span> <span class='ocrx_word' id='word_1_196' title='bbox 242 1878 398 1918; x_wconf 90' lang='lat' dir='ltr'>brevior</span> <span class='ocrx_word' id='word_1_197' title='bbox 430 1891 555 1930; x_wconf 89' lang='lat' dir='ltr'>poena</span> <span class='ocrx_word' id='word_1_198' title='bbox 586 1881 663 1918; x_wconf 83' lang='lat' dir='ltr'>vita</span> <span class='ocrx_word' id='word_1_199' title='bbox 696 1881 828 1918; x_wconf 84' lang='lat' dir='ltr'>sutura</span> <span class='ocrx_word' id='word_1_200' title='bbox 859 1885 925 1918; x_wconf 91' lang='lat' dir='ltr'>tua</span> <span class='ocrx_word' id='word_1_201' title='bbox 959 1885 1041 1918; x_wconf 89' lang='lat' dir='ltr'>est.</span> 
     </span>
     <span class='ocr_line' id='line_1_31' title="bbox 103 1937 1178 1994; baseline 0 -18"><span class='ocrx_word' id='word_1_202' title='bbox 103 1937 183 1976; x_wconf 91' lang='lat' dir='ltr'>Nec</span> <span class='ocrx_word' id='word_1_203' title='bbox 215 1937 286 1976; x_wconf 90' lang='lat' dir='ltr'>tibi</span> <span class='ocrx_word' id='word_1_204' title='bbox 318 1939 518 1988; x_wconf 85' lang='lat' dir='ltr'>continget</span> <span class='ocrx_word' id='word_1_205' title='bbox 549 1938 667 1977; x_wconf 88' lang='lat' dir='ltr'>funus</span> <span class='ocrx_word' id='word_1_206' title='bbox 700 1938 962 1990; x_wconf 85' lang='lat' dir='ltr'>lacrimaeque</span> <span class='ocrx_word' id='word_1_207' title='bbox 995 1944 1178 1994; x_wconf 75' lang='lat' dir='ltr'>tuorum3</span> 
     </span>
     <span class='ocr_line' id='line_1_32' title="bbox 161 1995 849 2048; baseline 0.001 -14"><span class='ocrx_word' id='word_1_208' title='bbox 161 1995 452 2047; x_wconf 83' lang='lat' dir='ltr'>Indeploratum</span> <span class='ocrx_word' id='word_1_209' title='bbox 483 1998 677 2047; x_wconf 87' lang='lat' dir='ltr'>proiciere</span> <span class='ocrx_word' id='word_1_210' title='bbox 709 2003 849 2048; x_wconf 81' lang='lat' dir='ltr'>caput3</span> 
     </span>
     <span class='ocr_line' id='line_1_33' title="bbox 18 2053 1234 2107; baseline -0.001 -15"><span class='ocrx_word' id='word_1_211' title='bbox 18 2062 82 2094; x_wconf 82' lang='lat'>165</span> <span class='ocrx_word' id='word_1_212' title='bbox 104 2054 384 2105; x_wconf 84' lang='lat' dir='ltr'>Carnificisque</span> <span class='ocrx_word' id='word_1_213' title='bbox 418 2066 533 2093; x_wconf 86' lang='lat' dir='ltr'>manu</span> <span class='ocrx_word' id='word_1_214' title='bbox 552 2086 563 2107; x_wconf 87' lang='lat'><em>‚</em></span> <span class='ocrx_word' id='word_1_215' title='bbox 595 2055 739 2106; x_wconf 91' lang='lat' dir='ltr'>populo</span> <span class='ocrx_word' id='word_1_216' title='bbox 772 2054 981 2105; x_wconf 87' lang='lat' dir='ltr'>plaudente</span> <span class='ocrx_word' id='word_1_217' title='bbox 1001 2086 1012 2107; x_wconf 87' lang='lat'><em>‚</em></span> <span class='ocrx_word' id='word_1_218' title='bbox 1044 2053 1234 2105; x_wconf 82' lang='lat' dir='ltr'>traheris,</span> 
     </span>
     <span class='ocr_line' id='line_1_34' title="bbox 161 2112 974 2164; baseline 0 -13"><span class='ocrx_word' id='word_1_219' title='bbox 161 2112 387 2164; x_wconf 85' lang='lat' dir='ltr'>Infixusque</span> <span class='ocrx_word' id='word_1_220' title='bbox 420 2115 498 2152; x_wconf 90' lang='lat' dir='ltr'>tuis</span> <span class='ocrx_word' id='word_1_221' title='bbox 531 2113 686 2153; x_wconf 88' lang='lat' dir='ltr'>ossibus</span> <span class='ocrx_word' id='word_1_222' title='bbox 719 2125 844 2152; x_wconf 89' lang='lat' dir='ltr'>uncus</span> <span class='ocrx_word' id='word_1_223' title='bbox 878 2114 974 2151; x_wconf 91' lang='lat' dir='ltr'>erit.</span> 
     </span>
     <span class='ocr_line' id='line_1_35' title="bbox 102 2171 1246 2223; baseline -0.001 -13"><span class='ocrx_word' id='word_1_224' title='bbox 102 2171 212 2222; x_wconf 88' lang='lat' dir='ltr'>Ipsae</span> <span class='ocrx_word' id='word_1_225' title='bbox 244 2178 283 2210; x_wconf 89' lang='lat' dir='ltr'>te</span> <span class='ocrx_word' id='word_1_226' title='bbox 316 2173 495 2223; x_wconf 80' lang='lat' dir='ltr'>fugient,</span> <span class='ocrx_word' id='word_1_227' title='bbox 529 2185 627 2223; x_wconf 90' lang='lat' dir='ltr'>quae</span> <span class='ocrx_word' id='word_1_228' title='bbox 659 2177 826 2223; x_wconf 87' lang='lat' dir='ltr'>carpunt</span> <span class='ocrx_word' id='word_1_229' title='bbox 858 2173 1015 2222; x_wconf 86' lang='lat' dir='ltr'>omnia,</span> <span class='ocrx_word' id='word_1_230' title='bbox 1047 2171 1246 2222; x_wconf 81' lang='lat' dir='ltr'>ssammae3</span> 
     </span>
     <span class='ocr_line' id='line_1_36' title="bbox 162 2229 1062 2281; baseline 0.001 -14"><span class='ocrx_word' id='word_1_231' title='bbox 162 2229 336 2281; x_wconf 85' lang='lat' dir='ltr'>Respuet</span> <span class='ocrx_word' id='word_1_232' title='bbox 366 2232 535 2269; x_wconf 88' lang='lat' dir='ltr'>invisum</span> <span class='ocrx_word' id='word_1_233' title='bbox 567 2233 669 2270; x_wconf 85' lang='lat' dir='ltr'>iusta</span> <span class='ocrx_word' id='word_1_234' title='bbox 702 2230 865 2269; x_wconf 86' lang='lat' dir='ltr'>cadaver</span> <span class='ocrx_word' id='word_1_235' title='bbox 898 2230 1062 2268; x_wconf 91' lang='lat' dir='ltr'>humus.</span> 
     </span>
     <span class='ocr_line' id='line_1_37' title="bbox 103 2287 1139 2339; baseline 0 -13"><span class='ocrx_word' id='word_1_236' title='bbox 103 2287 307 2339; x_wconf 85' lang='lat' dir='ltr'>Unguibus</span> <span class='ocrx_word' id='word_1_237' title='bbox 338 2295 379 2328; x_wconf 85' lang='lat' dir='ltr'>et</span> <span class='ocrx_word' id='word_1_238' title='bbox 409 2295 539 2328; x_wconf 89' lang='lat' dir='ltr'>rostro</span> <span class='ocrx_word' id='word_1_239' title='bbox 572 2289 718 2328; x_wconf 90' lang='lat' dir='ltr'>crudus</span> <span class='ocrx_word' id='word_1_240' title='bbox 751 2288 880 2327; x_wconf 85' lang='lat' dir='ltr'>trahet</span> <span class='ocrx_word' id='word_1_241' title='bbox 912 2288 976 2326; x_wconf 92' lang='lat' dir='ltr'>ilia</span> <span class='ocrx_word' id='word_1_242' title='bbox 1008 2288 1139 2327; x_wconf 90' lang='lat' dir='ltr'>vultur</span> 
     </span>
     <span class='ocr_line' id='line_1_38' title="bbox 19 2346 1051 2399; baseline 0.002 -15"><span class='ocrx_word' id='word_1_243' title='bbox 19 2354 83 2386; x_wconf 83' lang='lat'>170</span> <span class='ocrx_word' id='word_1_244' title='bbox 162 2346 212 2385; x_wconf 90' lang='lat' dir='ltr'>Et</span> <span class='ocrx_word' id='word_1_245' title='bbox 243 2346 423 2386; x_wconf 84' lang='lat' dir='ltr'>scindent</span> <span class='ocrx_word' id='word_1_246' title='bbox 453 2347 554 2386; x_wconf 90' lang='lat' dir='ltr'>avidi</span> <span class='ocrx_word' id='word_1_247' title='bbox 585 2347 732 2399; x_wconf 87' lang='lat' dir='ltr'>perfida</span> <span class='ocrx_word' id='word_1_248' title='bbox 764 2346 881 2386; x_wconf 88' lang='lat' dir='ltr'>corda</span> <span class='ocrx_word' id='word_1_249' title='bbox 914 2359 1051 2386; x_wconf 85' lang='lat' dir='ltr'>canes.</span> 
     </span>
    </p>
   </div>
  </div>
 </body>
</html>
