1570 2527
223 109 243 149 1
253 108 307 149 10
817 109 961 141 1131D1s

251 226 318 256 245
338 217 388 256 Et
419 229 468 255 ne
499 217 613 267 longa
646 228 715 254 suo
748 217 947 267 praesagia
979 215 1127 255 diceret
1158 228 1250 268 ore,

401 273 507 314 ‘Fata
540 280 652 313 canet
684 279 788 313 vales
821 275 888 325 qui
919 271 1012 326 tua',
1044 274 1140 313 dixit
1171 271 1298 314 ‘erit.’

339 335 404 373 Ille
437 345 507 383 ego
540 345 628 371 sum
659 338 764 371 vates
785 363 793 371 .
843 345 890 371 ex
922 344 982 370 me
1015 338 1080 371 tua
1112 332 1271 371 vulnera
1303 332 1481 385 disces,

398 391 497 429 Dent
528 390 641 429 modo
674 391 714 429 di
745 392 848 429 vires
881 392 920 429 in
953 402 1037 429 mea
1070 390 1185 429 verba
1217 403 1330 442 suaS‚

338 448 661 500 Carminibusque
695 451 791 487 meis
824 448 1010 487 accedant
1040 449 1212 500 pondera
1244 461 1400 500 rerum,

252 517 318 548 250
399 507 505 553 Quae
538 513 619 546 rata
651 520 722 558 per
753 507 883 546 luctus
916 508 1116 557 experiare
1148 513 1259 546 tuos.

336 565 440 604 Neve
472 567 556 604 sine
589 565 775 616 exemplis
806 566 889 604 aevi
921 566 1097 604 cruciere
1129 567 1295 617 prioris,

397 623 483 662 Sint
514 630 579 662 tua
612 624 791 662 Troianis
823 635 901 662 non
933 622 1077 661 leviora
1108 623 1242 662 malis.

338 682 566 733 Quantaque
600 682 782 732 clavigeri
814 682 1022 720 Poeantius
1054 681 1233 720 Herculis
1264 681 1403 734 heres,

394 740 516 779 Tanta
548 746 736 779 venenato
769 740 928 778 vulnera
960 752 1075 778 crure
1107 752 1241 791 geras.

250 807 316 838 255
337 798 417 837 Nec
449 799 573 837 levius
606 798 736 837 doleas
755 831 765 850 ,
798 810 913 848 quam
946 799 1012 849 qui
1044 797 1142 836 bibit
1175 798 1294 837 ubera
1326 810 1486 850 cervae,

396 857 620 907 Armatique
653 856 742 895 tulit
772 856 913 895 vulnus
932 887 942 907 ‚
974 857 1135 895 inermis
1168 869 1303 907 opem.

338 915 490 965 Quique
523 915 570 953 ab
603 927 702 965 equo
734 927 922 965 praeceps
954 916 995 952 in
1026 914 1132 953 Aleia
1164 914 1309 953 decidit
1339 926 1450 967 arva,

398 973 524 1012 Exitio
558 974 676 1011 facies
709 975 772 1012 cui
805 985 874 1012 sua
906 984 1027 1022 paene
1060 972 1155 1012 suit.

337 1031 400 1083 Id,
433 1031 536 1082 quod
562 1031 859 1083 Amyntorides,
885 1030 1039 1082 videas,
1070 1031 1345 1082 trepidumque
1371 1032 1550 1070 ministro

250 1098 315 1129 260
396 1089 662 1140 Praetemptes
694 1089 830 1128 baculo
863 1089 1022 1127 luminis
1054 1089 1174 1128 orbus
1206 1091 1304 1128 iter.

336 1148 416 1186 Nec
449 1148 536 1198 plus
569 1149 762 1200 aspicias,
795 1159 909 1198 quam
942 1159 1058 1198 quem
1091 1159 1160 1186 sua
1191 1147 1267 1186 filia
1298 1149 1422 1200 rexit,

395 1206 590 1257 Expertus
622 1206 750 1244 scelus
782 1212 842 1244 est
873 1206 986 1244 cuius
1018 1211 1184 1256 uterque
1217 1218 1382 1256 parens:

337 1263 469 1309 Qualis
501 1270 612 1315 erat,
645 1270 850 1315 postquam
883 1269 941 1302 est
972 1264 1089 1302 iudex
1122 1264 1169 1303 de
1200 1264 1266 1303 lite
1298 1266 1429 1303 iocosa

396 1322 582 1373 Sumptus
602 1354 612 1373 ,
644 1322 842 1373 Apollinea
874 1321 1002 1360 clarus
1034 1324 1074 1360 in
1106 1328 1189 1361 arte
1221 1334 1364 1361 senex:

250 1389 315 1420 265
337 1380 469 1426 Qualis
502 1386 541 1419 et
572 1380 635 1419 ille
668 1381 742 1419 fuit
759 1411 770 1432 ,
803 1393 879 1431 quo
912 1381 1176 1431 praecipiente
1209 1380 1387 1419 columba
1494 1388 1550 1422 (13)

273 1441 275 1444 ⁴
395 1438 465 1477 Est
497 1438 584 1476 data
616 1438 805 1477 Palladiae
838 1440 994 1489 praevia
1025 1438 1181 1489 duxque
1213 1441 1311 1478 rati:

337 1497 489 1548 Quique
523 1497 646 1535 oculis
679 1498 826 1548 caruit,
857 1508 928 1547 per
960 1508 1058 1547 quos
1085 1497 1181 1535 male
1208 1497 1358 1536 viderat
1388 1509 1548 1549 aurum,

394 1555 557 1594 Inferias
589 1560 678 1594 nato
711 1567 808 1606 quos
842 1554 948 1593 dedit
980 1554 1073 1593 orba
1105 1567 1269 1606 parens:

335 1614 473 1652 Pastor
506 1619 549 1652 ut
580 1614 775 1652 Aetnaeus
794 1645 804 1664 ,
837 1615 901 1651 cui
933 1625 1046 1652 casus
1079 1619 1167 1652 ante
1200 1613 1354 1653 futuros

247 1680 313 1711 270
393 1671 575 1709 Telemus
608 1671 839 1722 Eurymides
871 1673 1104 1710 vaticinatus
1136 1677 1242 1711 erat:

334 1729 384 1768 Ut
415 1730 491 1767 duo
524 1729 712 1767 Phinidae
731 1761 742 1780 ,
774 1728 916 1779 quibus
949 1729 1053 1767 idem
1084 1729 1215 1768 lumen
1247 1729 1413 1781 ademit,

393 1786 468 1832 Qui
499 1787 627 1827 dedit:
660 1793 703 1826 ut
734 1786 947 1837 Thamyrae
979 1787 1265 1838 Demodocique
1298 1794 1437 1839 caput.

335 1846 398 1885 Sic
431 1845 567 1896 aliquis
600 1851 665 1884 tua
697 1845 870 1884 membra
902 1851 1037 1896 secet,
1071 1845 1263 1885 Saturnus
1295 1852 1339 1885 ut
1369 1846 1453 1885 illas

393 1903 602 1943 Subsecuit
633 1909 794 1955 partes,
826 1903 928 1942 unde
962 1910 1117 1942 creatus
1149 1910 1254 1943 erat.

247 1971 313 2001 275
334 1962 413 2001 Nec
446 1961 518 2000 tibi
549 1964 599 2000 sit
630 1962 766 2000 melior
798 1961 956 2000 tumidis
988 1961 1194 2012 Neptunus
1225 1964 1266 2001 in
1298 1962 1435 2014 undis,

393 2020 515 2065 Quam
548 2022 611 2059 cui
643 2026 735 2059 sunt
766 2019 914 2058 subitae
948 2021 1067 2059 frater
1100 2027 1139 2059 et
1169 2033 1267 2059 uxor
1298 2033 1411 2072 aves;

335 2079 570 2129 Sollertique
603 2080 685 2117 viro
705 2110 715 2130 ,
749 2078 898 2117 lacerae
932 2090 1046 2128 quem
1079 2079 1200 2118 fracta
1231 2084 1430 2118 tenentem

392 2136 565 2176 Membra
597 2139 690 2176 ratis
723 2136 894 2175 Semeles
926 2142 986 2174 est
1017 2138 1198 2175 miserata
1231 2149 1364 2176 soror.

333 2194 400 2233 Vel
435 2201 498 2233 tua
518 2226 529 2246 ‚
561 2207 608 2234 ne
641 2207 789 2246 poenae
821 2207 944 2245 genus
975 2194 1048 2233 hoc
1082 2196 1308 2244 cognoverit
1338 2207 1464 2247 unus,

246 2261 312 2291 ‘280
392 2252 548 2292 Viscera
581 2254 743 2292 diversis
776 2255 896 2292 scissa
927 2253 1101 2292 ferantur
1134 2255 1267 2304 equis:

337 2310 399 2349 Vel
433 2323 530 2361 quae
564 2314 629 2363 qui
662 2311 809 2351 redemi
841 2311 1013 2350 Romano
1046 2318 1159 2362 turpe
1191 2312 1361 2364 putavit,
