1570 2527
473 127 538 159 III.
564 134 637 159 XIV
657 127 810 160 22—1V.
836 135 852 159 1
872 129 925 160 33.
1318 126 1371 167 61

438 252 621 306 LIBER
660 253 959 308 QUARTUS.

681 375 716 421 Ι.

149 469 270 522 Siqua
300 469 399 508 meis
431 469 578 508 fuerint
596 499 608 521 ‚
639 474 683 508 ut
716 475 833 508 erunt
851 502 862 522 ‚
894 471 1032 509 vitiosa
1063 468 1226 522 libellis,

147 528 343 568 Excusata
375 539 446 567 suo
478 533 686 580 tempore,
718 527 842 567 lector
861 560 871 580 ‚
908 528 1031 567 habe.

147 586 249 626 Exul
281 598 416 638 eram,
448 588 686 637 requiesque
718 586 843 638 mihi,
874 599 952 626 non
985 587 1085 626 fama
1116 588 1238 638 petita
1271 592 1352 639 est,

149 645 258 684 Mens
290 647 441 684 intenta
473 646 556 684 suis
588 657 636 684 ne
669 645 770 684 foret
801 658 927 697 usque
960 646 1094 684 malis.

108 711 128 742 5
149 703 232 742 Hoc
265 710 352 755 est,
386 715 456 742 cur
483 708 613 742 cantet
644 705 798 742 vinctus
827 717 983 756 quoque
1010 704 1197 755 compede
1226 705 1375 757 fossor,

149 761 313 801 Indocili
345 773 510 800 numero
543 774 633 800 cum
665 773 780 812 grave
813 762 937 801 mollit
968 775 1089 814 opus,

149 820 287 860 Cantat
318 825 357 859 et
388 820 561 858 innitens
593 819 752 858 limosae
784 832 934 870 pronus
961 823 1156 875 harenae,

148 879 322 918 Adverso
353 878 506 917 tardam
538 880 605 929 qui
637 878 757 917 trahit
789 891 901 917 amne
934 884 1082 931 ratem3

149 937 304 989 Quique
336 938 460 976 refert
490 938 639 989 pariter
670 937 797 976 lentos
830 937 876 976 ad
908 943 1069 989 pectora
1101 949 1256 991 remos,

87 1004 129 1036 10
148 997 193 1035 ln
225 1008 433 1035 numerum
465 995 578 1046 pulsa
608 995 767 1035 brachia
799 993 829 1047 †
860 996 990 1047 pulsat
1021 1008 1143 1047 aqua.

149 1055 294 1094 Fessus
324 1060 370 1094 ut
400 1054 582 1093 incubuit
612 1054 751 1094 baculo
775 1086 786 1106 ,
820 1067 959 1094 saxove
992 1055 1139 1094 resedit

149 1113 316 1166 Pastor,
348 1113 563 1152 arundineo
596 1115 768 1152 carmine
802 1114 948 1153 mulcet
980 1126 1095 1153 oves.

151 1173 351 1212 Cantantis
382 1173 531 1222 pariter
550 1203 560 1223 ‚
592 1173 740 1223 pariter
772 1172 859 1211 data
892 1185 1012 1223 pensa
1045 1171 1238 1212 trahentis

149 1231 314 1270 Fallitur
345 1231 506 1270 ancillae
540 1231 814 1282 decipiturque
848 1231 980 1270 labor.

88 1298 129 1330 15
150 1290 292 1329 Fertur
324 1296 363 1328 et
394 1289 560 1328 abducta
592 1289 807 1341 Lyrneside
839 1291 964 1329 tristis
995 1290 1166 1330 Achilles

150 1349 361 1388 Haemonia
393 1360 508 1387 curas
541 1353 764 1387 attenuasse
797 1348 902 1400 lyra.

151 1407 247 1446 Cum
280 1407 456 1446 traheret
488 1406 601 1445 silvas
635 1406 817 1458 Orpheus
850 1413 889 1445 et
921 1407 1020 1445 dura
1052 1408 1226 1447 canendo

151 1466 250 1505 Saxa
268 1498 279 1518 ,
310 1465 371 1504 bis
403 1467 544 1504 amissa
576 1467 740 1516 coniuge
774 1471 946 1504 maestus
979 1471 1085 1504 erat.

150 1525 210 1563 Me
242 1536 400 1576 quoque
431 1523 540 1562 Musa
572 1523 673 1562 levat
703 1524 818 1562 Ponti
849 1524 933 1563 loca
965 1525 1071 1563 iussa
1102 1530 1329 1576 petentem:

86 1591 130 1623 20
153 1583 241 1622 Sola
273 1594 404 1622 comes
436 1587 592 1621 nostrae
625 1583 799 1633 perstitit
830 1582 893 1621 illa
926 1583 1063 1635 fugae3

151 1641 240 1680 Sola
271 1653 344 1680 nec
376 1641 537 1680 insidias
556 1672 567 1692 ‚
600 1640 701 1680 Sinti
732 1653 805 1680 nec
837 1642 972 1680 militis
1005 1653 1163 1695 ensem,

149 1700 230 1740 Nec
262 1712 368 1739 mare
387 1731 397 1751 ‚
430 1712 503 1738 nec
535 1704 671 1738 ventos
705 1699 1003 1751 barbariamque
1035 1702 1173 1740 timet.

151 1759 234 1798 Scit
266 1771 422 1810 quoque
442 1790 453 1810 ‚
486 1770 574 1797 cum
606 1759 735 1810 perii,
769 1760 856 1810 quis
888 1771 949 1798 me
982 1759 1182 1810 deceperit
1214 1772 1351 1813 error,

149 1817 198 1858 Et
229 1818 383 1869 culpam
414 1819 454 1856 in
486 1817 588 1856 facto
606 1848 617 1869 ,
649 1829 727 1856 non
760 1817 889 1856 scelus
922 1829 1007 1856 esse
1040 1830 1127 1856 meo
1148 1850 1159 1871 ‚

85 1886 128 1916 25
151 1877 308 1916 Scilicet
339 1876 413 1915 hoc
445 1878 530 1927 ipso
563 1888 668 1914 nunc
701 1888 851 1928 aequa,
885 1877 988 1927 quod
1021 1876 1147 1915 obfuit
1179 1883 1292 1929 ante,

150 1937 248 1975 Cum
279 1947 433 1974 mecum
465 1936 591 1973 iuncti
623 1932 801 1974 criminis
833 1940 917 1973 acta
948 1947 1015 1974 rea
1048 1941 1132 1974 est.

147 1995 234 2033 Non
266 1994 447 2045 equidem
478 1993 645 2046 vellem,
678 1995 861 2045 quoniam
893 1996 1072 2032 nocitura
1104 1994 1288 2047 fuerunt,

148 2053 348 2092 Pieridum
381 2053 502 2091 sacris
533 2053 756 2103 inposuisse
792 2064 972 2091 manum.

150 2111 227 2151 Sed
259 2123 364 2150 nunc
391 2111 482 2163 quid
511 2111 648 2150 faciam
667 2108 688 2149 ἶ)
731 2112 788 2150 vis
815 2123 876 2149 me
902 2116 1009 2149 tenet
1035 2113 1120 2162 ipsa
1147 2123 1372 2164 sacrorum,

84 2177 128 2210 30
148 2170 198 2210 Et
229 2182 387 2210 carmen
420 2169 582 2209 demens
614 2171 786 2209 carmine
818 2169 947 2208 laesus
979 2181 1092 2211 am0.

150 2229 214 2268 Sic
247 2241 345 2269 nova
376 2228 554 2268 Dulichio
587 2227 687 2267 lotos
720 2233 873 2279 gustata
905 2227 1030 2278 palato

149 2287 218 2326 lllo
235 2318 247 2339 ‚
280 2300 357 2339 quo
389 2289 552 2338 nocuit,
586 2292 694 2337 grata
726 2298 865 2338 sapore
898 2286 995 2325 fuit.

151 2345 278 2385 Sentit
308 2358 441 2385 amans
473 2358 542 2385 sua
569 2346 707 2384 damna
733 2345 815 2384 sere
834 2376 844 2396 ‚
889 2350 1017 2385 tamen
1044 2345 1180 2385 haeret
1205 2346 1246 2384 in
1272 2345 1360 2396 illis,
