1570 2527
691 128 736 160 11.
765 129 938 161 73—138.
1400 126 1484 168 237

181 243 246 276 105
267 235 365 274 Dant
390 236 569 287 veniam,
601 235 808 287 ridentque
836 247 1008 275 moram.
1054 237 1156 287 capit
1186 236 1250 275 ille
1278 248 1485 289 coronam,

325 293 431 338 Quae
463 295 588 345 possit
619 295 749 333 crines
769 325 778 341 ,
810 294 996 346 Phoebe,
1029 294 1168 333 decere
1201 301 1314 334 tuos:

266 352 452 391 Induerat
483 351 599 403 Tyrio
631 352 692 390 bis
724 354 884 391 tinctam
916 354 1066 394 murice
1099 352 1260 405 pallam:

325 410 507 449 Reddidit
538 412 613 449 icta
647 423 738 449 suos
770 411 910 462 pollice
944 411 1088 450 chorda
1121 423 1261 451 sonos:

267 468 498 518 [Flebilibus
530 470 705 508 numeris
737 470 856 508 veluti
888 472 1065 509 canentia
1098 470 1193 509 dura

181 537 245 567 110
325 527 527 567 Traiectus
560 529 678 579 pinna
711 534 885 579 tempora
917 534 1047 567 cantat
1078 528 1161 567 olor
1176 528 1201 578 .]

265 586 450 625 Protinus
481 588 520 625 in
554 586 700 625 medias
732 593 893 626 ornatus
925 586 1054 626 desilit
1086 586 1231 638 undas,

328 645 532 696 Spargitur
564 645 730 696 impulsa
762 645 914 684 caerula
947 647 1090 697 puppis
1123 658 1243 697 aqua.

266 703 358 742 Inde
394 725 435 730 —
469 704 543 742 fide
576 706 700 743 maius
734 726 777 731 —
809 710 919 755 tergo
953 704 1132 755 delphina
1166 716 1330 743 recurvo
1427 714 1482 743 (39)

327 761 376 800 Se
408 769 625 801 memorant
657 764 768 801 oneri
799 762 1052 814 subposuisse
1085 775 1207 801 ιιονο.

181 829 245 859 115
267 820 333 859 Ille
367 821 508 859 sedens
541 820 807 872 citharamque
841 827 976 873 tenet,
1014 823 1264 872 pretiumque
1297 820 1483 872 vehendi,

325 878 462 918 Cantat
494 885 533 918 et
564 891 777 929 aequoreas
810 881 980 918 carmine
1013 880 1159 918 mulcet
1190 891 1331 930 aquas.

265 936 312 976 Di
343 939 405 988 pia
437 938 536 976 sacta
567 937 722 977 vident:
766 939 881 976 astris
914 937 1096 989 delphina
1127 940 1277 989 recepit

324 995 500 1048 luppiter
532 1001 570 1035 et
602 996 732 1035 stellas
764 997 878 1035 iussit
909 996 1055 1035 habere
1087 1009 1248 1035 novem.

680 1087 717 1130 5.
749 1087 788 1129 D
820 1086 955 1130 NON

265 1171 378 1211 Nunc
411 1172 506 1211 mihi
538 1171 641 1211 mille
675 1185 820 1225 sonos,
854 1184 1007 1224 quoque
1040 1178 1100 1211 est
1131 1177 1371 1211 memoratus

995 1230 1185 1282 Achilles,

181 1297 246 1329 120
327 1289 501 1341 Vellem,
534 1289 735 1328 Maeonide
753 1320 764 1341 7
797 1296 935 1340 pectus
967 1291 1095 1328 inesse
1127 1295 1262 1341 tuum,

267 1348 366 1386 Dum
399 1349 574 1387 canimus
607 1360 737 1387 sacras
769 1347 918 1386 alterno
951 1349 1106 1399 pectine
1138 1347 1290 1386 Nonas.

325 1406 514 1445 Maximus
547 1407 610 1445 hic
643 1407 751 1445 fastis
783 1406 1051 1445 accumulatur
1082 1406 1229 1445 honos.

266 1464 404 1503 Deficit
435 1466 664 1517 ingenium,
697 1467 919 1516 maioraque
952 1465 1101 1504 viribus
1133 1470 1298 1515 urgent.

325 1523 428 1562 Haec
461 1523 556 1562 mihi
586 1525 798 1575 praecipuo
831 1530 890 1563 est
922 1536 989 1562 ore
1022 1523 1194 1562 canenda
1227 1523 1332 1562 dies.

181 1590 245 1621 125
267 1582 368 1628 Quid
401 1582 504 1621 volui
535 1582 697 1621 demens
729 1582 848 1633 elegis
880 1584 1080 1633 imponere
1113 1587 1265 1621 tantum

325 1640 515 1680 Ponderis
535 1638 557 1680 ⁶?
600 1640 710 1679 heroi
742 1653 806 1680 res
840 1646 923 1679 erat
954 1643 1026 1679 ista
1058 1640 1191 1692 pedis.

268 1699 408 1738 Sancte
440 1699 557 1738 Pater
588 1700 735 1751 patriae
755 1732 765 1751 ,
798 1699 867 1738 tibi
898 1699 1009 1751 plebs
1028 1731 1038 1751 ,
1070 1699 1142 1738 tibi
1174 1700 1282 1738 curia
1314 1710 1456 1738 nomen

325 1757 408 1796 Hoc
441 1758 575 1810 dedit3
609 1758 684 1797 hoc
716 1758 894 1797 dedimus
926 1770 997 1796 nos
1030 1757 1099 1796 tibi
1131 1770 1303 1809 nomen,
1342 1769 1486 1808 eques.

266 1816 343 1855 Res
375 1822 504 1855 tamen
539 1822 626 1855 ante
659 1817 793 1855 dedit.
850 1829 938 1855 sero
971 1829 1127 1868 quoque
1160 1828 1250 1855 vera
1282 1816 1407 1855 tulisti

182 1883 248 1914 130
326 1875 518 1927 Nomina,
552 1877 626 1914 iam
658 1875 810 1926 pridem
843 1882 885 1915 tu
917 1881 1028 1927 pater
1059 1875 1166 1914 orbis
1200 1887 1308 1914 eras.

266 1933 349 1972 Hoc
380 1939 423 1972 tu
455 1946 526 1985 per
557 1939 712 1987 terras,
745 1934 847 1986 quod
881 1935 920 1973 in
953 1934 1110 1973 aethere
1142 1933 1318 1985 Iuppiter
1350 1933 1449 1985 alto,

325 1992 475 2030 Nomen
507 1992 654 2032 habes:
697 1993 900 2032 hominum
932 1999 974 2031 tu
1005 1999 1146 2045 pater,
1178 1992 1241 2030 ille
1274 1992 1413 2031 deum.

267 2050 430 2089 Romule
451 2083 461 2103 ‚
493 2051 713 2090 concedes:
756 2052 848 2090 facit
878 2051 941 2090 hic
973 2056 1038 2089 tua
1072 2063 1207 2102 magua
1239 2050 1384 2089 tuendo

326 2108 506 2161 Moenia3
540 2115 581 2148 tu
614 2109 778 2148 dederas
809 2109 1061 2148 transilienda
1093 2109 1237 2148 Remo.

182 2175 246 2207 135
267 2168 322 2207 Te
354 2168 489 2207 Tatius
520 2170 707 2220 parvique
740 2167 864 2207 Cures
895 2168 1142 2219 Caeninaque
1175 2169 1320 2208 sensit:

325 2225 408 2265 Hoc
439 2226 538 2266 duce
570 2227 787 2266 Romanum
820 2233 880 2266 est
912 2227 1004 2266 solis
1037 2234 1248 2278 utrumque
1281 2227 1404 2266 latus.

267 2283 325 2324 Tu
358 2285 474 2324 breve
506 2287 639 2326 nescio
673 2286 766 2337 quid
798 2288 920 2325 victae
952 2285 1106 2325 telluris
1136 2285 1327 2325 habebas:

327 2344 610 2396 Quodcumque
643 2350 703 2384 est
733 2344 809 2384 alto
843 2344 915 2384 sub
948 2344 1063 2395 love,
1097 2344 1238 2384 Caesar
1270 2343 1408 2384 habet.
