1570 2527
552 99 613 133 iv.
640 100 836 133 210—281.
1041 137 1043 139 ,
1281 97 1365 139 291

206 205 369 245 Reddita
401 208 568 258 quaesiti
601 219 715 246 causa
748 207 893 246 suroris
926 213 1030 246 erat.

149 261 251 304 ‘Hoc
284 277 468 318 quoque,
503 265 580 303 dux
614 267 743 316 operis
762 297 773 314 ,
806 278 963 305 moneas
983 297 993 317 ,
1025 278 1195 319 precor,
1226 266 1330 306 unde

874 326 993 376 petita

205 381 391 420 Venerit.
449 394 497 420 an
530 387 661 421 nostra
695 394 850 433 semper
881 385 921 421 in
954 383 1057 421 Urbe
1089 379 1217 421 suit‘?'

147 437 386 492 ‘Dindymon
419 445 458 479 et
490 440 658 491 Cybelen
692 447 731 480 et
763 453 963 480 amoenam
996 441 1169 480 sontibus
1201 440 1294 480 Iden

59 507 125 538 250
206 498 370 550 Semper
403 505 441 538 et
472 499 607 538 Iliacas
639 499 762 538 Mater
794 502 935 538 amavit
966 513 1083 551 opes:

145 557 243 596 Cum
276 558 432 596 Troiam
464 559 614 597 Aeneas
644 558 761 597 Italos
792 564 967 609 portaret
1000 561 1039 597 in
1071 571 1207 611 agros,

204 616 275 654 Est
306 617 377 655 dea
409 617 615 655 sacriferas
646 629 769 668 paene
802 624 935 656 secuta
968 624 1095 668 rates,

146 674 222 714 Sed
255 675 426 714 nondum
460 676 548 713 satis
580 675 689 714 Latio
722 688 791 714 sua
824 677 983 715 numina
1014 677 1124 727 posci

205 733 417 786 Senserat,
450 734 622 773 adsuetis
654 734 962 785 substiteratque
993 734 1111 773 locis.

57 801 123 831 255
146 792 266 844 Post,
298 798 342 831 ut
374 792 495 831 Roma
526 799 666 843 potens
698 793 837 844 opibus
869 795 943 832 iam
977 793 1128 831 saecula
1166 794 1339 844 quinque

204 850 334 903 Vidit,
367 857 405 889 et
437 851 606 889 edomito
639 851 797 890 sustulit
829 851 923 889 orbe
957 858 1096 903 caput,

144 908 336 948 Carminis
367 908 532 948 Euboici
564 909 690 947 fatalia
724 909 840 948 verba
873 910 1055 948 sacerdos

201 967 392 1019 Inspicit3
423 969 645 1019 inspectum
677 967 751 1006 tale
784 968 904 1007 fuisse
938 968 1092 1008 ferunt:

144 1023 304 1065 “Mater
336 1025 467 1065 abest:
510 1026 674 1065 Matrem
706 1026 822 1066 iubeo
841 1059 852 1079 ,
884 1027 1085 1078 Romane,
1119 1029 1319 1078 requiras.

55 1093 123 1124 260
202 1084 299 1123 Cum
332 1086 488 1136 veniet,
522 1090 626 1124 casta
659 1091 718 1125 est
749 1086 974 1136 accipienda
1007 1083 1178 1125 manu.''

143 1143 344 1182 Obscurae
377 1144 495 1182 sortis
527 1150 658 1195 patres
689 1144 916 1195 ambagibus
949 1150 1104 1196 errant,

203 1202 357 1247 Quaeve
389 1214 531 1253 parens
565 1202 691 1253 absit,
725 1215 849 1253 quove
880 1203 1048 1254 petenda
1079 1203 1186 1242 loco.

143 1260 370 1299 Consulitur
396 1260 521 1299 Paean
540 1292 551 1312 ,
579 1257 857 1312 “divum'’que
892 1258 1114 1300 “arcessite
1142 1261 1304 1300 Matrem
1319 1258 1360 1314 ,⁹⁹

200 1319 328 1370 lnquit
360 1316 436 1358 “in
468 1318 581 1358 Idaeo
614 1325 674 1358 est
704 1320 936 1359 invenienda
967 1317 1119 1371 iug0.''

53 1386 120 1418 265
141 1377 352 1417 Mittuntur
382 1390 596 1430 proceres.
653 1378 844 1429 Phrygiae
883 1384 977 1418 tune
1016 1384 1171 1430 sceptra
1204 1378 1362 1418 tenebat

200 1436 381 1476 Attalus:
424 1437 607 1476 Ausoniis
640 1449 721 1475 rem
756 1443 871 1488 negat
902 1437 965 1476 ille
998 1439 1113 1476 viris.

140 1495 236 1535 Mira
268 1507 404 1534 canam
424 1526 432 1534 .
489 1495 604 1546 longo
636 1497 797 1534 tremuit
829 1509 918 1535 eum
951 1508 1152 1535 murmure
1185 1496 1324 1547 tellus,

199 1553 248 1593 Et
280 1555 337 1593 sic
369 1559 428 1593 est
460 1554 584 1605 adytis
616 1554 702 1593 diva
733 1555 862 1593 locuta
895 1557 999 1593 suis:

140 1609 263 1664 “Ipsa
295 1614 376 1664 peti
408 1612 511 1651 volui
532 1644 540 1651 .
596 1625 645 1652 ne
678 1614 728 1652 sit
758 1625 895 1652 mora.
952 1615 1062 1652 mitte
1097 1613 1311 1652 volentem.

52 1679 119 1710 270
199 1671 347 1722 Dignus
379 1671 499 1710 Roma
532 1671 669 1723 locus,
703 1684 779 1722 quo
813 1672 909 1711 deus
942 1673 1068 1711 omnis
1101 1669 1224 1711 eat.''

139 1729 205 1768 Ille
238 1732 323 1769 soni
356 1736 507 1769 terrore
539 1742 683 1781 pavens
717 1727 1004 1781 “proficiscere
1025 1727 1072 1781 ,⁹²
1106 1731 1203 1769 dixit

198 1785 376 1827 “Nostra
409 1790 515 1828 eris:
559 1790 599 1827 in
630 1788 821 1840 Phrygios
853 1789 975 1828 Roma
1007 1789 1179 1828 refertur
1211 1802 1301 1829 avos
1317 1786 1357 1828 .”

136 1846 322 1886 Protinus
354 1848 583 1886 innumerae
616 1848 785 1887 caedunt
816 1849 947 1899 pineta
979 1860 1140 1887 secures

195 1905 291 1958 Illa,
323 1906 466 1957 quibus
498 1906 651 1957 fugiens
683 1906 811 1957 Phryx
844 1908 933 1957 pius
966 1919 1061 1945 usus
1094 1913 1199 1947 erat.

50 1971 116 2003 275
137 1963 239 2002 Mille
272 1976 410 2002 manus
442 1970 614 2015 coeunt,
647 1971 685 2003 et
716 1966 819 2015 picta
852 1964 1050 2003 coloribus
1084 1967 1182 2004 ustis

196 2021 415 2061 Caelestum
445 2022 608 2061 Matrem
641 2035 808 2061 concava
841 2024 982 2074 puppis
1014 2022 1152 2062 habet.

135 2080 203 2119 Illa
235 2082 295 2120 sui
327 2093 398 2132 per
429 2093 548 2132 aquas
580 2081 705 2120 fertur
738 2082 932 2120 tutissima
963 2083 1067 2133 nati,

193 2138 403 2191 Longaque
435 2139 625 2178 Phrixeae
658 2146 792 2191 stagna
825 2142 972 2179 sororis
1004 2140 1106 2180 adit:

134 2197 432 2250 Rhoeteumque
464 2211 580 2250 rapax
600 2231 611 2250 ,
645 2198 835 2250 Sigeaque
868 2199 982 2238 litora
1014 2200 1177 2251 transit,

46 2264 113 2296 280
193 2256 242 2295 Et
273 2256 488 2309 Tenedon,
520 2263 674 2296 veteres
706 2257 882 2296 Eetionis
915 2270 1034 2309 opes.

134 2314 318 2366 Cyclades
350 2317 579 2369 excipiunt,
612 2315 736 2355 Lesbo
769 2322 858 2367 post
891 2322 998 2368 terga
1030 2316 1187 2366 relicta,

1072 2383 1140 2418 19*
