1570 2527
189 21 276 57 VIII

189 143 259 180 per
291 143 332 169 se
364 132 594 180 suspiciosa,
632 132 696 169 vel
728 144 752 169 a
782 131 893 170 libris
926 131 1102 170 convicta
1132 134 1280 181 essent,
1309 132 1521 182 interpola-

190 189 308 227 tionis
340 202 484 240 genera
516 189 717 239 quaedam,
750 192 900 228 aetates
932 190 1040 239 adeo,
1071 190 1111 227 in
1143 191 1521 240 Metamorphosibus

190 248 374 296 maxime,
413 248 712 298 indagarentur3
750 247 791 285 id
828 248 930 297 quod
967 248 1016 286 ad
1053 248 1245 297 liquidum
1277 249 1520 298 exploratum

193 319 375 355 umquam
412 307 460 343 iri
496 306 673 355 profecto
712 306 795 355 spei
831 306 1036 344 minimum
1074 309 1170 345 erat.
1241 308 1401 357 gravius
1432 307 1520 355 fuit,

191 365 294 414 quod
332 365 403 402 sub
441 365 543 402 idem
581 366 736 412 tempus
775 365 951 413 quaestio
983 366 1052 402 illa
1081 367 1274 414 perpetua
1303 366 1522 404 Horatiana

192 423 241 460 ad
267 421 451 461 Ovidium
482 422 739 471 permanavit,
771 434 848 471 qua
878 423 941 460 vel
973 423 1054 460 sine
1086 423 1197 461 libris
1228 424 1328 462 ratio
1355 427 1395 462 et
1419 423 1521 473 quod

191 483 348 530 oportet
380 482 597 530 spectatur,
629 480 706 518 loci
738 480 946 528 ampliores
978 493 1095 528 quam
1126 481 1230 529 apud
1261 481 1521 519 Schraderum

191 539 444 587 damnantur,
482 538 587 587 quod
625 538 673 575 ad
711 538 921 576 sollicitam
958 537 1065 575 illius
1095 538 1330 576 industriam
1359 539 1523 577 interior

189 598 246 635 rei
282 597 458 646 poeticae
495 596 758 645 intelligentia
795 595 955 634 accedit.
1027 608 1153 645 neque
1197 597 1314 634 aliam
1355 597 1403 635 ob
1435 610 1516 635 rem

190 655 251 693 vir
282 656 446 692 eximius
478 655 717 692 Horatianae
751 655 847 692 artis
879 656 1069 692 stateram
1099 654 1335 693 Heroidibus
1365 656 1521 704 potissi-

190 727 296 751 mum
335 714 526 762 admovit,
571 725 687 762 quam
731 712 833 761 quod
871 712 912 750 in
949 725 994 750 eo
1033 725 1177 762 genere
1221 715 1443 763 argumenti
1483 716 1524 752 et

189 773 517 810 lineamentorum
548 771 744 820 quandam
776 771 1175 820 circumscriptionem
1201 774 1241 810 et
1264 784 1443 810 normam
1466 773 1523 811 vi-

191 831 259 878 dit,
292 831 402 868 velut
434 830 529 868 aitis
561 830 824 877 Praxiteleae,
858 831 962 867 certe
993 831 1110 878 paulo
1144 830 1243 868 alius
1275 830 1382 868 modi
1405 843 1522 879 quam

194 889 494 938 ethologiarum,
526 901 621 937 quas
648 888 791 936 ferunt,
823 888 1123 926 rhetoricarum:
1156 888 1260 937 quod
1278 891 1418 937 poetae
1436 902 1523 937 pro-

190 948 361 995 positum
395 947 427 984 si
458 949 609 995 teneas,
647 946 971 985 intersiticiorum
1010 946 1233 985 discrimina
1264 947 1521 996 apparebunt.

193 1005 311 1054 digna
356 1004 616 1042 admiratione
661 1017 706 1042 ea
743 1004 898 1042 Lehrsii
941 1005 1154 1054 disputatio
1199 1008 1238 1043 et
1280 1018 1379 1054 quae
1415 1018 1524 1044 reve-

190 1066 324 1100 renter
361 1063 572 1112 habeatur,
612 1063 679 1101 sed
717 1075 832 1112 aegre
870 1063 1101 1101 facultatem
1139 1063 1261 1101 habet
1297 1064 1337 1101 in
1367 1064 1524 1112 scriptis

192 1134 214 1159 a
257 1124 374 1170 poeta
418 1121 579 1159 rudibus
618 1124 657 1159 et
693 1122 934 1170 imperfectis
972 1122 1120 1160 relictis
1165 1124 1234 1160 aut
1276 1122 1324 1159 ab
1363 1124 1447 1160 arte
1484 1123 1525 1159 et

190 1180 387 1217 limatior-e
419 1192 512 1218 cura
542 1180 626 1228 ipso
657 1180 865 1228 profitente
898 1180 1051 1228 alienis,
1091 1180 1199 1218 cuius
1230 1180 1337 1217 modi
1366 1182 1524 1229 praeter

190 1238 360 1287 primum
391 1238 574 1276 volumen
605 1240 696 1276 sunt
728 1238 867 1276 omnia.

309 1296 472 1334 Accedit
514 1308 614 1334 nunc
658 1297 760 1346 quod
804 1308 903 1345 quae
942 1297 982 1333 in
1018 1296 1079 1333 his
1117 1296 1436 1345 requirebantur,
1479 1299 1525 1334 ut

191 1355 367 1392 locorum
398 1354 656 1392 insiticiorum
687 1354 858 1392 ambitus
885 1356 924 1392 et
949 1355 1186 1403 terminatio,
1217 1357 1262 1393 ut
1293 1355 1402 1404 origo
1427 1356 1524 1392 mul-

191 1413 325 1461 tiplex,
351 1414 396 1450 ut
420 1414 579 1460 praeter
603 1412 719 1449 nimis
744 1413 954 1450 manifesta
973 1413 1051 1450 alia
1070 1425 1223 1462 quoque
1243 1413 1522 1461 indicarentur,

194 1484 238 1509 ea
264 1473 422 1520 praesto
449 1473 540 1507 sunt
560 1471 662 1508 inter
682 1471 792 1508 tertii
811 1471 1019 1509 voluminis
1039 1471 1162 1519 dotes,
1192 1471 1385 1508 librorum
1408 1471 1524 1509 bene-

191 1529 276 1567 ficio
322 1531 362 1567 et
400 1529 623 1566 adiumento
667 1529 751 1577 illo,
797 1529 843 1566 de
881 1542 955 1577 quo
995 1528 1209 1567 indicatum
1249 1541 1367 1578 supra
1410 1531 1449 1567 et
1484 1530 1525 1566 in

191 1587 378 1636 proximis
405 1587 683 1635 exponendum.
758 1589 873 1624 erunt
897 1587 1076 1634 fortasse,
1108 1599 1207 1635 quae
1239 1587 1289 1624 ad
1313 1587 1523 1625 Metamor-

192 1646 334 1694 phoses
367 1647 436 1683 aut
468 1645 546 1682 alia
577 1644 811 1693 reciprocari
841 1645 1008 1693 possint:
1042 1644 1179 1682 eodem
1211 1657 1286 1693 quo
1312 1645 1394 1683 illic
1419 1647 1459 1683 et
1483 1645 1525 1683 in

192 1703 431 1741 Hei-oidibus
463 1703 547 1741 loeo
579 1703 794 1740 manebunt
825 1705 991 1750 tantum,
1024 1715 1121 1752 quae
1153 1705 1286 1752 partes
1319 1705 1408 1742 ante
1440 1715 1524 1742 sae·

193 1762 324 1800 culum
357 1762 535 1811 quintum
568 1761 742 1799 adiectae
776 1763 877 1809 sunt,
910 1761 956 1798 de
988 1761 1128 1809 quibus
1159 1761 1368 1810 utrobique
1400 1761 1524 1800 Hora—

192 1821 318 1868 tiana,
351 1832 467 1868 quam
499 1819 628 1857 dicere
658 1820 786 1867 lubet,
819 1819 1100 1868 disceptatione
1133 1832 1230 1868 opus
1262 1820 1349 1860 erit.

312 1878 390 1916 Sed
422 1878 518 1916 satis
549 1890 638 1915 raro
669 1878 741 1915 hoc
773 1889 846 1915 usu
876 1878 1006 1915 veniet
1037 1880 1313 1927 praeterquam
1337 1879 1376 1916 in
1402 1878 1524 1926 Ibide,

195 1938 298 1986 quod
330 1937 560 1985 opusculum
591 1936 906 1985 interpolationis
939 1936 1196 1985 suspicionem
1227 1949 1347 1985 prope
1378 1937 1525 1975 nemini

192 1995 316 2033 movit
364 1997 522 2043 praeter
565 1994 618 2032 Io.
665 1993 935 2032 Schraderum.
1008 1994 1041 2032 is
1090 1995 1130 2032 in
1173 1994 1524 2033 Emendationibus

195 2056 234 2092 et
274 2053 424 2091 schedis
462 2053 703 2102 idiographis
741 2065 848 2090 more
887 2065 975 2101 suo,
1014 2053 1159 2092 omissa
1195 2065 1327 2091 rerum
1357 2053 1525 2090 aliarum

195 2124 376 2160 censura,
427 2123 525 2160 quae
570 2111 810 2160 inelegantia
853 2112 893 2148 et
934 2111 1148 2162 incongrua
1190 2111 1377 2160 putabat,
1428 2111 1524 2150 satis

192 2171 320 2208 multa
350 2170 513 2208 notavit.
587 2170 778 2218 quaedam
820 2169 998 2208 versibus
1029 2170 1278 2218 transpositis
1310 2169 1405 2207 satis
1437 2182 1526 2219 ope-

192 2240 280 2267 rose
325 2228 597 2277 concinnabat,
642 2228 710 2266 sed
753 2228 910 2278 egregie
953 2230 992 2266 et
1029 2228 1205 2277 adposite
1243 2228 1329 2276 hos,
1376 2229 1430 2266 34
1469 2228 1522 2265 37
