1570 2527
180 135 264 176 158
726 136 790 168 EX
813 135 972 169 PONTO

783 266 908 313 VIII.

296 361 486 400 Redditus
520 366 580 400 est
611 360 724 400 nobis
757 360 899 401 Caesar
931 373 1026 400 cum*
1051 360 1215 401 Caesare
1247 373 1397 413 nuper,

359 419 466 465 Quos
498 419 593 458 mihi
626 421 795 472 misisti,
825 419 990 458 Maxime
1023 419 1134 458 Cotta
1154 451 1164 471 ,
1197 419 1313 459 deos.
1389 453 1391 455 .

296 477 424 528 thue
457 483 569 517 tuum
595 489 738 517 munus
764 490 997 529 numerum,
1023 490 1140 528 quem
1165 477 1304 531 debet,
1330 477 1515 530 haberet,

355 535 426 575 Est
456 535 511 575 ibi
543 536 775 576 Caesaribus
805 535 913 575 Livia
943 537 1077 575 iuncta
1107 537 1215 575 suis.

256 603 275 634 5
296 595 513 645 Argentum
545 594 635 633 felix
668 596 852 646 omnique
883 594 1037 634 beatius
1069 606 1188 646 auro,

356 652 497 705 Quod,
529 653 650 692 suerit
680 655 852 705 pretium
884 665 973 693 cum
1005 653 1103 693 rude
1122 685 1134 704 ,
1165 665 1310 692 numen
1342 652 1484 692 habet-

294 711 380 750 Non
413 711 510 750 mihi
540 711 694 750 divitias
726 711 851 751 dando
883 713 1030 750 maiora
1061 711 1261 763 dedisses,

355 770 568 809 Caelitibus
601 771 731 809 missis
763 776 896 809 nostra
929 770 1002 810 sub
1035 782 1103 809 ora
1135 769 1286 809 tribus.

294 827 365 867 Est
395 828 569 880 aliquid,
601 835 778 880 spectare
811 829 905 868 deos
937 835 976 868 et
1007 829 1143 868 adesse
1174 835 1337 880 putare,

233 895 274 926 10
354 886 404 926 Et
436 889 549 938 quasi
580 899 669 926 cum
701 899 793 926 vero
824 889 984 927 numine
1016 899 1131 939 posse
1164 886 1294 938 loqui.

297 945 496 991 Quantum
527 958 620 985 aveo
639 977 650 998 ,
681 946 811 998 redii,
851 958 924 985 nec
962 958 1024 985 me
1056 951 1165 985 tenet
1203 945 1338 984 ultima
1377 943 1514 996 tellus,

355 1003 482 1055 thue
515 1006 656 1057 prius,
687 1004 814 1043 media
845 1016 981 1056 sospes
1012 1006 1052 1043 in
1084 1003 1188 1043 Urbe
1222 1015 1378 1043 moror.

297 1062 508 1102 Caesareos
540 1063 651 1102 video
685 1062 844 1115 vultus,
876 1063 982 1102 velut
1014 1069 1102 1102 ante
1135 1061 1337 1101 videbam:

355 1120 425 1160 Vix
456 1120 574 1160 huius
606 1122 686 1160 voti
717 1133 807 1173 spes
839 1122 914 1160 fuit
944 1121 1021 1160 ulla
1053 1121 1173 1160 mihi.
1388 1136 1408 1156 ο

234 1188 274 1218 15
298 1178 425 1230 thue
457 1178 671 1218 salutabam
703 1191 849 1219 numen
881 1179 1078 1231 caeleste,
1110 1179 1258 1218 saluto.

355 1237 467 1283 Quod
499 1238 636 1276 reduci
669 1237 818 1277 tribuas
837 1269 848 1290 ,
881 1238 934 1277 nil
953 1269 964 1290 ,
996 1244 1090 1290 puto
1109 1269 1120 1290 ,
1152 1239 1279 1277 maius
1309 1236 1456 1276 habes.

295 1295 396 1341 Quid
430 1297 576 1335 nostris
609 1296 733 1335 oculis
764 1298 841 1335 nisi
872 1296 953 1336 sola
984 1296 1130 1335 Palatia
1160 1293 1338 1335 desunt?

354 1354 428 1399 Qui
459 1354 569 1394 locus
588 1386 599 1406 ‚
632 1354 758 1394 ablato
791 1354 954 1394 Caesare
974 1387 985 1407 ,
1017 1355 1102 1395 vilis
1135 1356 1232 1394 erit.

295 1412 410 1452 Hunc
449 1425 519 1464 ego
558 1425 647 1452 cum
685 1419 889 1465 spectem,
928 1414 1063 1453 videor
1100 1413 1196 1452 mihi
1233 1423 1396 1452 cernere

1022 1471 1208 1524 Romam3
1457 1478 1514 1511 (62)

231 1537 274 1569 20
353 1529 450 1568 Nam
481 1531 629 1582 patriae
661 1530 800 1569 faeiem
832 1531 1002 1570 sustinet
1030 1530 1094 1570 ille
1127 1542 1243 1570 suae.

295 1587 422 1627 Fallor
439 1618 452 1638 ‚
484 1600 532 1627 an
563 1590 653 1628 irati
684 1589 779 1628 mihi
812 1594 904 1628 sunt
934 1591 975 1628 in
1005 1590 1172 1640 imagine
1204 1587 1359 1640 vultus,

358 1646 562 1698 Torvaque
593 1648 726 1686 nescio
760 1647 853 1698 quid
885 1648 1008 1686 forma
1040 1648 1226 1686 minantis
1256 1643 1408 1686 habet?

295 1704 416 1743 Parce
436 1736 447 1756 ,
477 1706 536 1744 vir
567 1706 745 1744 inmenso
777 1707 900 1744 maior
932 1706 1142 1745 virtutibus
1174 1704 1293 1757 orbe,

354 1763 538 1814 iustaque
570 1763 764 1802 vindictae
797 1765 996 1814 supprime
1029 1765 1139 1803 frena
1170 1769 1284 1803 tuae.

232 1828 275 1860 25
296 1820 418 1860 Parce
437 1852 448 1873 ,
479 1832 650 1872 precor,
683 1821 799 1860 saecli
831 1822 951 1861 decus
983 1821 1190 1863 indelebile
1223 1822 1371 1873 nostri,

356 1879 569 1919 Terrarum
601 1879 802 1919 dominum
834 1892 949 1931 quem
983 1892 1053 1920 sua
1085 1892 1179 1920 cura
1211 1880 1324 1919 facit.

295 1938 371 1976 Per
401 1939 550 1989 patriae
581 1950 724 1977 nomen
743 1969 754 1990 ,
793 1950 891 1990 quae
923 1945 961 1978 te
994 1939 1064 1978 tibi
1096 1940 1223 1978 carior
1253 1940 1338 1989 ipso
1371 1943 1454 1988 est,

354 1996 431 2035 Per
462 2008 675 2048 numquam
707 1997 848 2036 surdos
878 1998 919 2036 in
951 2002 1017 2036 tua
1049 2003 1136 2037 vota
1168 1997 1284 2048 deos,

295 2054 450 2106 Perque
481 2057 558 2095 tori
590 2056 764 2108 sociam,
795 2067 894 2107 quae
925 2067 995 2107 par
1027 2055 1098 2095 tibi
1130 2056 1212 2095 sola
1242 2059 1399 2107 reperta
1430 2058 1512 2104 est,

231 2121 274 2153 30
354 2112 404 2152 Et
436 2115 501 2153 cui
531 2115 713 2153 maiestas
745 2126 823 2153 non
855 2125 1020 2153 onerosa
1051 2120 1118 2154 tua
1150 2120 1232 2154 est:

295 2172 450 2223 Perque
483 2171 554 2212 tibi
587 2172 753 2212 similem
783 2173 940 2212 virtutis
971 2174 1139 2224 imagine
1170 2178 1329 2224 natum,

355 2229 531 2270 Moribus
563 2231 748 2282 adgnosci
779 2232 847 2282 qui
877 2236 969 2270 tuus
1002 2243 1086 2270 esse
1119 2236 1278 2283 potest,

294 2288 449 2339 Perque
481 2295 570 2329 tuos
601 2289 662 2329 vel
694 2302 762 2328 avo
796 2289 962 2342 dignos,
994 2289 1054 2328 vel
1084 2295 1194 2341 patre
1226 2293 1413 2340 nepoteS,

355 2347 429 2393 Qui
462 2349 624 2388 veniunt
655 2360 794 2399 magno
826 2360 897 2400 per
929 2354 994 2387 tua
1025 2349 1131 2387 iussa
1162 2347 1308 2399 gradu:
