1570 2527
614 147 655 179 V.
683 148 856 180 92—159.
1322 143 1407 184 315

99 262 163 294 125
185 254 250 294 llle
283 254 351 294 ubi
382 267 446 294 res
480 255 575 293 caeli
608 257 761 305 tenuit,
795 255 970 306 solioque
1003 261 1166 306 paterno

245 313 383 365 Sedit,
416 320 455 352 et
485 315 629 352 invicto
664 314 716 352 nil
749 314 837 352 Iove
871 316 995 352 maius
1028 320 1134 365 erat,

187 372 322 411 Sidera
354 374 576 422 nutricem,
612 374 776 411 nutricis
809 373 936 411 fertile
971 385 1093 411 cornu

244 430 382 481 Fecit,
415 431 519 482 quod
552 431 730 470 dominae
764 443 868 470 nunc
902 444 1058 482 quoque
1092 443 1233 470 nomen
1265 430 1406 469 habet.

185 489 441 529 Praestitibus
479 490 600 528 Maiae
632 489 798 529 Laribus
830 491 960 529 videre
994 489 1187 528 Kalendae

100 556 166 587 130
245 550 362 587 Aram
395 550 581 587 constitui
612 561 808 600 parvaque
842 550 950 600 signa
983 549 1125 587 deum:

184 608 258 645 Ars
291 614 375 646 erat
405 607 468 646 illa
502 608 658 658 quidem
692 607 891 646 Curibus:
935 607 1002 646 sed
1036 607 1149 657 longa
1180 612 1353 645 vetustas

244 665 447 718 Destruit,
481 672 520 704 et
552 678 643 704 saxo
676 666 789 717 longa
822 673 979 705 senecta
1011 672 1149 705 nocet.

186 723 308 763 Causa
340 731 470 764 tamen
502 726 620 775 positi
652 726 781 764 fuerat
813 727 1056 775 cognominis
1087 725 1187 776 illis,

245 783 356 828 Quod
390 790 589 834 praestant
621 784 744 823 oculis
777 786 905 823 omnia
937 791 1020 823 tuta
1053 785 1156 822 suis.

100 850 164 880 135
187 841 298 881 Stant
330 854 486 893 quoque
518 855 589 893 pro
622 842 734 881 nobis
753 873 764 894 ,
800 849 838 881 et
869 850 1058 894 praesunt
1089 841 1295 881 moenibus

916 900 1055 952 Urbis,

244 958 293 998 Et
325 965 416 998 sunt
448 964 675 1010 praesentes
709 959 974 1010 auxiliumque
1008 960 1164 998 ferunt.

186 1019 235 1056 At
266 1019 373 1056 canis
406 1024 494 1057 ante
526 1018 646 1069 pedes
680 1030 771 1057 saxo
804 1017 1016 1057 fabricatus
1050 1018 1188 1057 eodem

247 1076 408 1115 Stabat:
453 1088 551 1127 quae
584 1077 712 1115 standi
744 1089 834 1116 cum
866 1076 964 1116 Lare
998 1089 1113 1116 causa
1146 1074 1255 1115 fuit‘?

188 1133 324 1174 Servat
356 1141 522 1186 uterque
556 1135 714 1174 domum
734 1167 744 1187 ,
778 1136 934 1174 domino
968 1148 1124 1186 quoque
1157 1135 1258 1173 fidus

919 1200 1108 1245 uterque,

101 1259 166 1290 140
247 1252 421 1303 Compita
454 1259 562 1303 grata
594 1253 667 1291 deo
686 1285 697 1305 ,
730 1255 897 1304 compita
930 1258 1037 1304 grata
1069 1254 1178 1291 cani.

186 1310 392 1362 Exagitant
424 1317 463 1350 et
494 1311 568 1349 Lar
600 1317 641 1350 et
671 1311 785 1350 turba
818 1312 952 1350 Diania
983 1312 1114 1350 fures:

245 1370 560 1421 Pervigilantque
592 1369 741 1422 Lares,
773 1370 1083 1422 pervigilantque
1116 1381 1255 1408 canes.

186 1428 281 1467 Bina
313 1429 568 1479 gemellorum
601 1429 837 1480 quaerebam
870 1431 978 1480 signa
1011 1429 1174 1467 deorum

246 1487 401 1526 Viribus
434 1500 603 1526 annosae
636 1488 735 1527 facta
768 1488 913 1527 caduca
946 1487 1100 1526 morae!

102 1553 166 1584 145
187 1546 289 1585 Mille
321 1546 441 1585 Lares
475 1546 720 1598 Geniumque
753 1547 894 1595 ducis,
928 1549 994 1598 qui
1026 1546 1185 1585 tradidit
1217 1545 1327 1597 illos,

245 1605 348 1644 Urbs
379 1605 497 1644 habet
516 1637 525 1655 ,
558 1612 597 1644 et
629 1608 703 1644 vici
734 1608 893 1645 numina
925 1607 1028 1644 trina
1060 1604 1216 1644 colunt.

188 1664 273 1710 Quo
306 1665 412 1703 feror
431 1662 453 1703 ⁶?
496 1666 696 1716 Augustus
729 1666 874 1703 mensis
906 1665 1002 1703 mihi
1034 1664 1219 1703 carminis
1252 1663 1368 1702 huius

247 1723 311 1762 lus
343 1723 489 1762 habet.
546 1725 696 1762 interea
729 1723 821 1762 Diva
854 1723 1027 1762 canenda
1059 1723 1164 1761 Bona
1198 1729 1280 1761 est.

188 1781 258 1820 Est
289 1782 411 1821 moles
444 1784 571 1821 nativa
602 1782 717 1834 loco,
750 1795 814 1821 res
846 1783 1003 1821 nomina
1036 1783 1150 1820 fecit:

102 1847 168 1878 150
246 1841 452 1892 Appellant
485 1841 658 1893 Saxum3
689 1854 780 1892 pars
812 1841 913 1880 bona
945 1842 1088 1880 montis
1121 1852 1165 1879 ea
1198 1847 1278 1879 est.

188 1898 289 1938 Huic
320 1899 466 1939 Remus
498 1902 696 1939 institerat
728 1901 874 1939 frustra
895 1932 905 1952 ,
938 1912 1014 1951 quo
1048 1906 1225 1950 tempore
1258 1899 1371 1937 fratri

247 1958 375 1997 Prima
407 1959 603 1997 Palatinae
636 1961 745 2010 signa
778 1958 940 1997 dedistis
973 1970 1085 1998 aves.

189 2016 350 2068 Templa
381 2017 516 2056 Patres
548 2017 626 2055 illic
658 2017 794 2056 oculos
826 2029 942 2055 exosa
973 2016 1105 2055 viriles

247 2075 406 2115 Leniter
439 2076 577 2114 acclini
609 2078 849 2114 constituere
882 2077 997 2127 iugo.

102 2141 167 2174 155
188 2134 347 2174 Dedicat
378 2135 473 2174 haec
506 2136 648 2173 veteris
681 2134 911 2173 Clausorum
944 2135 1113 2173 nominis
1145 2133 1284 2186 heres,

247 2193 429 2245 Virgineo
462 2193 613 2233 nullum
647 2205 812 2244 corpore
844 2205 955 2244 passa
989 2194 1138 2232 virum.

188 2252 294 2291 Livia
325 2254 526 2304 restituit,
559 2265 608 2291 ne
640 2264 719 2290 non
751 2253 899 2291 imitata
931 2253 1116 2290 maritum

248 2308 363 2351 Esset‘
393 2318 432 2350 et
464 2324 510 2350 ex
543 2313 649 2350 omni
681 2317 790 2362 parte
824 2317 957 2350 secuta
988 2312 1136 2349 vicem.

188 2370 351 2410 Postera
381 2383 471 2409 cum
503 2382 654 2409 roseam
687 2369 810 2421 pulsis
842 2369 1076 2421 Hyperionis
1109 2370 1225 2408 astris
