1570 2527
607 125 647 158 V.
675 126 871 158 379—445.
1328 119 1412 161 323

543 231 582 272 4.
616 229 732 283 [Dc]
797 230 834 272 5.
866 229 944 272 Eo

103 323 170 355 415
192 314 304 354 Hunc
330 314 428 366 Lyra
464 327 581 353 curva
608 316 720 365 sequi
747 320 939 367 cuperet,
971 314 1039 353 sed
1071 313 1210 352 idonea
1239 311 1413 351 nondum

250 373 320 412 Est
352 375 410 412 via
432 404 440 413 .
497 386 572 412 nox
604 380 738 425 aptum
771 375 886 412 tertia
918 378 1073 424 tempus
1106 373 1204 411 erit.

673 476 709 517 6.
741 475 816 518 FO

193 566 380 618 Scorpius
412 567 452 604 in
485 566 591 605 caelo
610 597 621 617 ‚
654 578 743 605 cum
775 578 861 605 cras
893 566 1094 605 lucescere
1126 564 1257 604 Nonas

250 624 452 677 Dicimus,
484 637 505 663 a
537 624 663 663 media
695 630 806 675 parte
839 630 995 664 notatus
1028 626 1125 663 erit.

277 729 314 770 7.
347 728 384 769 G
409 727 614 770 NON-N
676 728 714 769 8.
746 727 829 769 HF
891 729 928 769 9.
961 727 1000 768 A
1026 726 1231 768 LEM-N

192 818 290 857 Hinc
323 818 390 857 ubi
421 817 630 869 protulerit
662 818 831 856 formosa
863 823 924 856 ter
957 816 1156 868 Hesperus
1189 829 1278 867 ora,
1308 866 1310 868 v

107 886 173 916 420
254 877 331 915 Ter
364 877 545 915 dederint
576 876 735 915 Phoebo
768 877 897 915 sidera
929 878 1028 914 victa
1060 875 1214 927 locum,

191 935 304 974 Ritus
337 937 412 974 erit
443 936 586 973 veteris
605 967 616 986 ‚
648 940 840 973 nocturna
873 934 1083 986 Lemuria,
1116 935 1240 972 sacri:

251 993 414 1033 Inferias
447 995 575 1033 tacitis
608 993 786 1032 manibus
818 993 881 1031 illa
914 992 1084 1031 dabunt.

194 1054 328 1091 Annus
361 1058 444 1091 erat
475 1052 631 1091 brevior
651 1084 661 1103 ,
694 1064 766 1091 nec
798 1052 925 1091 adhuc
957 1053 1019 1102 pia
1051 1050 1189 1090 februa
1220 1057 1383 1102 norant,

251 1111 331 1150 Nec
363 1117 406 1150 tu
438 1111 515 1149 dux
548 1122 757 1162 mensum,
789 1110 879 1149 Iane
911 1110 1118 1162 biformis,
1151 1121 1261 1149 eras:

104 1178 172 1210 425
193 1170 272 1209 Iam
305 1175 434 1208 tamen
467 1170 639 1208 extincto
672 1171 796 1208 cineri
827 1181 895 1208 sua
928 1168 1028 1207 dona
1060 1167 1260 1219 ferebant,

253 1228 544 1280 Compositique
577 1240 698 1279 nepos
730 1227 845 1266 busta
876 1227 1006 1279 piabat
1037 1228 1118 1265 avi.

193 1286 338 1326 Mensis
371 1292 455 1325 erat
486 1287 863 1338 Maius‚.maiorum
895 1287 1052 1324 nomine
1085 1285 1237 1337 dictus,

253 1345 329 1391 Qui
360 1351 511 1397 partem
543 1346 664 1396 prisci
697 1357 801 1384 nunc
834 1356 989 1396 quoque
1022 1345 1142 1382 moris
1174 1344 1313 1383 habet.

193 1404 275 1443 Nox
310 1403 376 1443 ubi
408 1406 483 1443 iam
517 1404 643 1442 media
676 1409 764 1456 est,
797 1415 1012 1454 somnoque
1045 1402 1197 1442 silentia
1228 1403 1391 1454 praebet

106 1472 173 1502 430
253 1463 302 1502 Et
335 1465 441 1501 canis
474 1468 513 1501 et
544 1464 670 1501 variae
704 1463 949 1501 conticuistis
981 1473 1094 1513 aves,

194 1522 261 1561 Ille
295 1534 443 1560 memor
475 1522 620 1560 veteris
652 1523 752 1560 ritus
784 1520 1024 1571 timidusque
1057 1520 1221 1559 deorum

255 1580 417 1632 Surgit3
448 1579 593 1619 habent
624 1581 769 1631 gemini
800 1579 952 1618 vincula
985 1578 1089 1617 nulla
1120 1579 1264 1630 pedes:

196 1639 392 1691 Signaque
425 1639 489 1678 dat
521 1638 653 1689 digitis
685 1639 811 1677 medio
845 1650 933 1677 cum
966 1637 1105 1689 pollice
1137 1638 1305 1689 iunctis,

255 1698 448 1737 Occurrat
479 1699 596 1736 tacito
630 1710 677 1736 ne
709 1697 804 1736 levis
835 1696 974 1736 umbra
1006 1696 1101 1735 sibi.

107 1766 173 1796 435
195 1757 371 1807 Cumque
404 1769 542 1795 manus
573 1768 692 1807 puras
725 1757 881 1794 fontana
912 1755 1058 1806 perluit
1090 1755 1215 1807 unda,

255 1815 457 1867 Vertitur,
490 1821 529 1853 et
561 1817 691 1866 nigras
724 1816 865 1866 accipit
896 1820 983 1852 ante
1017 1813 1146 1867 sabas,

195 1876 444 1925 Aversusque
477 1875 597 1912 iacit.
654 1874 722 1912 sed
755 1873 848 1912 dum
880 1874 999 1923 iacit,
1026 1869 1143 1911 ‘haee
1176 1885 1247 1923 ego
1281 1874 1415 1924 mitto,

254 1930 344 1971 His'
377 1934 505 1983 inquit
536 1929 708 1971 ‘redimo
740 1944 881 1982 meque
914 1943 1102 1982 meosque
1135 1928 1277 1969 fabis!'

196 1991 277 2030 Hoc
308 1993 443 2029 novies
475 1991 598 2041 dicit,
630 2003 703 2029 nec
735 1992 918 2041 respicit.
975 1989 1113 2028 umbra
1145 1994 1305 2041 putatur

107 2058 174 2089 440
256 2049 446 2100 Colligere
480 2055 518 2088 et
549 2049 656 2087 nullo
690 2055 797 2099 terga
830 2048 983 2087 vidente
1017 2049 1151 2100 sequi.

196 2109 349 2147 Rursus
381 2120 521 2159 aquam
553 2109 703 2158 tangit,
736 2108 1025 2158 Temesaeaque
1065 2112 1275 2158 concrepat
1307 2119 1417 2159 aera,

255 2167 304 2206 Et
336 2173 475 2218 rogat,
507 2173 551 2205 ut
582 2168 697 2205 tectis
729 2172 841 2205 exeat
872 2165 1010 2205 umbra
1043 2167 1146 2205 suis.

197 2226 293 2264 Cum
326 2226 423 2264 dixit
454 2227 588 2264 novies
620 2222 776 2264 ‘manes
809 2226 911 2264 exite
943 2221 1140 2276 paterni‚'

255 2284 457 2336 Respicit,
490 2292 529 2324 et
559 2297 658 2336 pure
691 2296 800 2323 sacra
831 2289 988 2336 peracta
1019 2289 1152 2335 putat.

109 2352 175 2382 445
197 2342 305 2382 Dicta
338 2345 389 2382 sit
420 2344 523 2383 unde
557 2344 669 2395 dies,
702 2355 801 2394 quae
834 2344 1002 2381 nominis
1035 2348 1140 2381 extet
1171 2343 1301 2393 orig02

1137 2406 1207 2442 21*
