1570 2527
1331 91 1453 126 XXIX

112 206 360 255 aliquantum
393 203 518 242 oratio
549 205 692 252 restat3
732 203 800 240 sed
830 202 1024 240 insertum
1054 202 1234 250 lacunae,
1273 201 1453 250 quamvis

112 264 280 302 ascitum
310 263 492 301 fortassis
525 275 571 300 ex
602 261 779 311 margine
812 260 1029 310 archetypi,
1061 262 1106 297 ut
1132 259 1178 297 de
1209 260 1304 297 locis
1330 259 1452 297 Ibidis

110 323 210 371 439,
242 323 324 360 461
359 321 496 360 visum.
571 320 708 358 eodem
737 319 853 368 plane
885 320 1000 357 modo
1027 318 1064 355 V
1092 319 1174 356 633
1208 318 1452 366 antiquariae

113 380 314 419 doctrinae
350 379 567 417 frustulum
604 379 689 416 loco
720 390 799 415 non
830 390 900 416 sno
932 378 973 415 in
1004 379 1179 415 extrema
1209 377 1354 426 pagina
1384 388 1452 424 po-

113 439 245 487 situm,
271 438 404 487 qualia
430 437 534 484 alibi,
563 439 607 475 ut
632 436 652 474 I
679 438 761 475 323
791 438 887 485 609,
913 436 975 473 ΙΙΙ
1003 437 1099 484 233,
1124 436 1254 473 locum
1281 437 1451 473 servant.

229 497 323 547 Pag.
350 504 442 535 XCV
468 499 643 534 extrema
667 495 747 533 tria
772 498 864 533 sunt
890 495 1070 542 disticha,
1096 493 1157 531 III
1178 496 1260 532 499
1284 493 1333 531 ad
1354 495 1452 543 504,

112 569 236 594 unum
268 556 483 594 absurdum
514 566 585 592 nec
617 553 873 602 emendabile,
905 554 982 591 duo
1009 552 1216 590 sententiis
1243 552 1386 590 coactis
1414 554 1453 590 et

112 614 324 662 affectatis,
370 626 469 662 quae
507 625 632 662 neque
665 612 867 661 scripsisse
910 614 1086 661 poetam,
1128 623 1272 661 neque,
1316 611 1349 648 si
1387 610 1451 647 de-

112 673 280 721 leantur,
312 672 466 720 reliqua
495 674 577 709 tam
609 671 740 708 ieiuna
772 673 812 708 et
844 682 982 719 aspera
1013 670 1186 707 voluisse
1211 669 1452 718 putaverim,

111 742 182 768 nec
212 743 315 768 nunc
347 730 622 777 dubitaverim,
655 729 751 777 quin
780 741 968 766 numerus
999 741 1186 766 versuum
1217 728 1452 766 amissorum

111 789 222 828 velut
252 801 276 826 a
306 788 483 827 Lucretii
514 787 643 825 scriba
673 787 845 824 traditus
877 787 1009 824 fuerit.

232 847 328 897 Pag.
363 855 469 886 CXVI
509 858 646 884 versus
685 854 754 883 IIII
787 846 839 883 81
875 845 925 882 ἃᾶ
957 846 1011 882 84
1044 857 1123 883 non
1154 845 1453 893 circumscripsi,

113 906 205 956 quia
242 905 341 944 vitia
378 905 558 943 dictionis
597 906 667 942 aut
705 904 853 942 absona
890 903 1030 952 aliqui,
1067 906 1113 940 ut
1143 903 1286 952 reliqui
1318 915 1452 941 omnes

111 965 154 1002 hi
184 964 278 1012 loci,
315 976 394 1002 non
424 964 583 1002 habent.
657 964 824 1012 possunt
862 964 995 999 autem
1034 961 1333 1000 commemorari
1364 973 1452 999 con-

111 1023 329 1061 troversiae
360 1022 469 1060 illius
499 1021 668 1071 nomine,
702 1033 801 1070 quae
834 1024 894 1058 est
926 1020 973 1057 de
1005 1021 1288 1058 retractatione
1314 1020 1452 1058 Fasto-

112 1095 200 1119 rum
237 1084 328 1131 post
366 1093 511 1119 annum
543 1081 589 1118 U.
622 1092 652 1118 c.
685 1087 873 1127 DCCLXI,
912 1078 960 1116 de
992 1091 1069 1128 qua
1102 1079 1195 1117 olim
1227 1079 1292 1129 egi
1323 1079 1364 1115 in
1396 1079 1452 1116 ed.

112 1140 236 1178 Reim.
285 1154 321 1189 p.
373 1147 540 1177 CCLVII.
615 1151 694 1176 non
743 1137 962 1187 spernenda
1019 1140 1079 1175 est
1137 1137 1453 1186 interpolationis

113 1199 222 1247 haec,
255 1198 366 1247 siqua
398 1200 470 1247 est,
501 1197 773 1246 probabilitas,
813 1197 846 1234 si
878 1196 1107 1244 scrupulum
1139 1196 1252 1233 illum
1284 1195 1454 1232 eximere

112 1257 248 1306 possit.
322 1256 502 1294 versibus
535 1258 740 1305 quattuor,
772 1255 840 1304 qui
872 1256 1132 1303 evanuerant,
1169 1266 1249 1292 non
1280 1256 1340 1292 est
1372 1266 1451 1291 cre·

113 1315 234 1353 dibile
260 1315 359 1353 alios
384 1315 606 1352 nominatos
626 1315 749 1352 fuisse
771 1312 957 1351 Graeciae
979 1314 1160 1359 advenas,
1187 1313 1453 1359 Idomeneum‚

112 1374 284 1422 Epeum,
327 1373 591 1422 Philocteten;
641 1385 712 1410 nec
760 1372 951 1420 suppetit,
1002 1371 1097 1420 quid
1147 1371 1223 1408 dici
1265 1371 1452 1419 potuerit.

112 1445 149 1470 v.
171 1433 224 1470 83
251 1444 353 1481 quae
378 1432 604 1481 incongrua,
636 1443 685 1468 ne
718 1430 917 1468 emendari
949 1430 1107 1479 quidem
1133 1429 1335 1466 commode
1362 1441 1453 1478 pos-

115 1492 218 1527 sunt.
293 1489 476 1527 admonet
528 1502 589 1526 me
639 1501 701 1526 res
750 1489 1020 1537 inexspectata
1062 1499 1200 1525 versus
1244 1487 1455 1537 Aeschylei

114 1548 224 1586 Pers.
256 1549 358 1596 850,
391 1548 458 1596 qui
489 1547 536 1585 A.
563 1547 808 1595 Koechlyum
839 1547 975 1584 multis
1009 1546 1120 1584 annis
1153 1546 1383 1595 exagitabat
1415 1548 1456 1584 et

114 1606 165 1644 ad
196 1607 444 1656 ingeniosum
481 1606 528 1643 de
567 1618 614 1643 ea
644 1606 802 1643 fabulae
834 1607 1100 1643 commentum
1132 1604 1311 1642 adduxit:
1344 1617 1453 1642 nam-

114 1677 189 1714 que
226 1665 293 1703 ille
330 1677 484 1714 quoque
522 1676 660 1702 veisus
693 1663 798 1701 cadit
828 1664 869 1701 in
899 1663 1067 1712 paginae
1100 1663 1306 1712 archetypi
1336 1672 1455 1702 XXIII

115 1723 296 1762 lacunam
333 1735 378 1761 ac
415 1722 606 1761 conflatus
645 1735 664 1760 e
700 1722 852 1760 duobus
889 1723 994 1759 lectu
1026 1721 1253 1759 difficilibus
1284 1722 1452 1759 videtur.

230 1782 325 1832 Pag.
346 1789 471 1820 CXXV
497 1781 691 1819 distichon
715 1781 797 1818 IIII
819 1782 903 1818 234
931 1782 1012 1819 235
1047 1781 1226 1829 spurium
1251 1783 1291 1818 et
1317 1781 1453 1818 absur-

114 1840 208 1878 dum
239 1841 397 1890 egregie
429 1840 618 1879 indicavit
647 1840 710 1878 vir
741 1839 878 1878 doctus
905 1838 968 1877 W.
995 1838 1150 1877 Gemoll
1180 1839 1221 1876 in
1247 1839 1454 1877 annalibus

113 1899 301 1938 Fleckeis.
340 1899 432 1937 anni
472 1900 596 1937 1878.
670 1898 738 1936 sed
775 1897 973 1936 inserendi
1011 1909 1170 1935 causam
1205 1898 1358 1935 nullam
1396 1898 1452 1935 di-

115 1958 268 2006 spicias,
310 1958 388 1995 nisi
423 1958 564 1995 lacuna
601 1957 763 1995 inventa
796 1957 927 1995 suerit.
1002 1955 1234 1994 crediderim
1279 1956 1455 1993 eiusdem

115 2016 219 2054 arch.
253 2016 417 2054 schedae
448 2016 593 2066 pagina
625 2028 765 2054 aversa
796 2016 918 2053 etiam
949 2016 1244 2063 pentametrum
1276 2015 1454 2053 ablatum

114 2074 254 2124 fuisse,
286 2087 378 2112 nam
410 2075 477 2124 qui
503 2074 616 2112 adest
642 2076 738 2123 306,
771 2073 902 2112 Ovidii
926 2085 1005 2111 non
1030 2072 1199 2121 videtur,
1232 2085 1348 2123 quem
1375 2085 1455 2111 non

115 2134 277 2171 memini
311 2135 544 2172 nobilitatem
583 2135 697 2180 faciei
734 2135 804 2170 aut
841 2133 941 2170 alius
978 2132 1036 2169 rei
1073 2133 1259 2169 externae
1297 2132 1452 2180 dixisse,

115 2194 391 2241 praeterquam
428 2204 505 2229 uno
537 2192 640 2240 loco,
678 2203 795 2240 quem
832 2191 996 2239 posthac
1034 2192 1264 2238 corruptum
1295 2191 1451 2228 demon-

116 2250 263 2299 strabo,
294 2263 318 2288 a
347 2262 424 2299 quo
455 2247 718 2299 interpolator
749 2250 869 2287 etiam
900 2249 1121 2287 ablativum
1152 2244 1361 2287 ‘nobilitate
1377 2261 1453 2297 pro

116 2304 171 2357 ti',
201 2311 247 2346 ut
277 2311 390 2347 vetus
416 2309 613 2359 glossator
643 2308 833 2356 habebat,
866 2307 1016 2346 ascivit.
