1570 2527
475 77 539 110 111.
567 84 628 110 ΧΠ
649 79 817 111 36—X1v
839 80 895 111 21.
1303 77 1358 119 59

129 185 308 237 Micaque
341 184 520 224 sollemni
551 186 653 225 turis
684 187 724 225 in
758 188 847 237 igne
880 192 1017 238 sonet,

131 244 305 295 Libaque
338 243 427 283 dem
458 245 618 295 proprie
650 244 818 295 genitale
851 247 1024 284 notantia
1056 250 1241 298 tempus,

130 303 436 354 Concipiamque
470 302 592 341 bonas
625 315 693 342 ore
726 304 879 343 favente
912 301 1088 355 preces?

130 361 216 400 Non
248 363 302 400 ita
335 373 421 400 sum
454 363 605 413 positus
625 393 635 413 ,
668 373 741 401 nec
775 368 867 401 sunt
899 375 943 401 ea
975 369 1152 415 tempora
1183 362 1321 416 nobis,

66 427 110 458 20
133 420 310 459 Adventu
342 421 489 471 possim
522 420 648 459 laetus
681 427 725 460 ut
757 432 843 460 esse
876 427 967 460 tuo.

131 478 299 518 Funeris
332 491 398 518 ara
431 479 556 532 mihi,
589 479 700 518 ferali
732 481 860 519 cincta
891 492 1109 533 cupressu,

131 537 323 577 Convenit
354 542 394 576 et
425 539 588 577 structis
620 538 774 577 flamma
806 545 940 589 parata
972 541 1101 590 rogis.

130 596 211 635 Nec
243 596 336 634 dare
368 601 456 635 tura
489 596 584 636 libet
615 597 671 636 nil
703 599 904 636 exorantia
937 597 1072 650 divos,

130 654 174 694 In
206 656 326 693 tantis
358 654 529 694 subeunt
562 667 634 694 nec
666 655 768 694 bona
799 656 917 695 verba
951 656 1061 695 malis
1080 687 1088 695 .

66 721 109 752 25
132 713 174 752 Si
204 718 335 751 tamen
368 719 428 752 est
460 713 607 764 aliquid
640 714 754 752 nobis
786 714 858 753 hac
890 714 977 753 luce
1009 715 1248 767 petendum,

131 771 174 810 In
206 770 291 810 loca
322 783 372 810 ne
404 771 542 810 redeas
574 772 740 823 amplius
773 773 846 811 ista
865 803 876 824 ,
907 785 1073 825 precor,

129 830 229 869 Dum
261 841 323 869 me
356 835 552 869 terrarum
584 843 675 882 pars
707 843 829 882 paene
862 833 1103 885 novissima,
1135 831 1307 884 Pontus,

130 888 309 928 Euxinus
341 888 439 928 falso
471 890 629 928 nomine
662 889 791 929 dietus
810 920 821 942 ‚
853 889 994 929 habet.

627 1018 750 1067 XIV.

133 1123 270 1163 Cultor
303 1129 343 1164 et
374 1125 538 1164 antistes
571 1125 777 1164 doctorum
809 1130 943 1165 sancte
975 1126 1173 1177 virorum,

134 1183 236 1228 Quid
269 1184 365 1222 sacis
384 1215 394 1235 ,
427 1185 584 1234 ingenio
618 1196 775 1235 semper
807 1185 930 1223 amice
963 1182 1085 1223 meo‘?

132 1240 284 1292 Ecquid
304 1274 314 1294 ,
346 1249 390 1281 ut
421 1242 657 1282 incolumem
690 1243 888 1294 quondam
921 1242 1121 1282 celebrare
1156 1241 1333 1294 solebas,

132 1300 245 1339 Nunc
278 1313 435 1352 quoque
455 1333 465 1352 ,
498 1313 547 1340 ne
579 1301 713 1340 videar
746 1307 852 1341 totus
885 1301 1022 1340 abesse
1042 1332 1052 1352 ,
1085 1299 1233 1340 caves?

91 1366 111 1397 5
134 1358 310 1410 Suspicis
343 1361 518 1410 exceptis
551 1360 692 1411 ecquid
725 1372 810 1399 mea
843 1361 1017 1399 carmina
1049 1360 1143 1398 solis

133 1417 323 1470 Artibus,
356 1419 498 1457 artifici
530 1431 629 1469 quae
660 1431 834 1458 nocuere
866 1416 974 1457 suo‘?

135 1475 257 1515 Immo
288 1478 343 1515 ita
374 1477 434 1516 fac
453 1507 464 1528 ,
498 1489 672 1529 quaeso,
705 1484 837 1516 vatum
870 1476 1045 1516 studiose
1078 1489 1292 1529 novorum,

135 1533 297 1586 Quaque
329 1540 465 1587 potes,
498 1537 624 1574 retIne
657 1548 802 1588 corpus
834 1538 873 1575 in
907 1535 1011 1575 Urbe
1044 1548 1198 1575 meum.

136 1593 205 1633 Est
236 1594 327 1645 fuga
359 1594 461 1633 dicta
493 1595 618 1647 mihi,
649 1606 727 1634 non
761 1600 820 1634 est
851 1595 943 1646 fuga
974 1595 1079 1634 dicta
1111 1594 1276 1647 libellis,

71 1660 113 1691 10
135 1652 210 1698 Qui
243 1653 390 1692 domini
421 1665 588 1704 poenam
620 1665 699 1692 non
731 1665 914 1693 meruere
947 1654 1031 1692 sui.

136 1711 259 1763 Saepe
290 1723 362 1762 per
394 1717 590 1751 extremas
622 1713 813 1764 profugus
844 1718 956 1764 pater
989 1712 1119 1752 exulat
1150 1724 1263 1764 oras,

134 1769 238 1809 Urbe
271 1776 402 1809 tamen
434 1772 536 1810 natis
568 1771 693 1810 exulis
726 1784 813 1811 esse
846 1771 961 1810 licet.

133 1828 301 1868 Palladis
332 1829 510 1881 exemplo
543 1829 591 1869 de
623 1842 684 1869 me
717 1832 801 1870 sine
835 1835 958 1869 matre
991 1837 1122 1870 creata

136 1887 315 1927 Carmina
347 1893 469 1927 sunt:
519 1890 640 1940 stirps
671 1888 767 1928 haec
800 1890 1089 1940 progeniesque
1122 1901 1207 1928 mea
1239 1894 1322 1928 est.

72 1954 114 1984 15
136 1946 243 1985 Hanc
263 1946 337 1985 tibi
356 1948 604 1999 commendo,
625 1960 724 1999 quae
746 1960 823 1999 quo
844 1949 966 1999 magis
988 1948 1083 1986 orba
1102 1953 1265 1999 parente
1288 1954 1364 1999 est,

136 2004 218 2043 Hoc
249 2004 323 2044 tibi
353 2007 477 2044 tutori
509 2008 661 2045 sarcina
692 2008 817 2046 maior
849 2008 946 2045 erit.
1216 2024 1219 2025 ⁷

136 2063 234 2102 Tres
266 2063 362 2103 mihi
394 2069 487 2103 sunt
519 2067 599 2104 nati
631 2067 809 2117 contagia
841 2071 975 2103 nostra
1008 2067 1157 2104 secuti:

136 2121 274 2161 Cetera
306 2123 366 2161 fac
399 2135 516 2162 curae
549 2125 600 2163 sit
631 2124 704 2163 tihi
735 2123 851 2163 turba
883 2124 1032 2174 palam.

137 2180 238 2219 Sunt
264 2193 421 2233 quoque
442 2187 637 2234 mutatae,
663 2188 725 2221 ter
746 2184 921 2234 quinque
947 2182 1166 2235 volumina,
1193 2182 1363 2233 formae,

71 2246 116 2278 20
137 2238 318 2278 Carmina
350 2240 398 2279 de
431 2240 579 2280 domini
610 2241 749 2280 funere
782 2246 891 2292 rapta
924 2242 1008 2280 sui.

137 2296 235 2337 Illud
268 2310 366 2349 opus
398 2301 556 2352 potuit,
589 2301 623 2338 si
654 2311 733 2339 non
764 2301 876 2352 prius
907 2301 992 2352 ipse
1023 2301 1239 2352 perissem,
