1570 2527
108 137 189 179 198
645 137 706 168 Ex
733 136 888 168 PONTO

159 255 201 286 70
282 246 410 285 Gloria
442 244 640 284 Pieridum
673 256 822 283 summa
853 245 1010 283 futurus
1044 256 1152 283 eras.

223 304 298 343 Sed
331 305 421 342 dare
454 305 653 342 materiam
686 303 826 354 nohis,
859 315 973 354 quam
1006 304 1206 355 carmina,
1237 303 1380 341 mavis:

281 363 359 401 Neo
393 369 520 401 tamen
554 374 599 400 ex
632 368 712 400 toto
746 362 928 400 deserere
960 361 1023 400 1113
1055 368 1188 412 potes.

221 421 316 460 Nam
349 421 462 459 modo
494 420 591 458 bella
625 422 758 472 geris,
790 421 964 459 numeris
997 420 1110 458 modo
1144 419 1259 458 verba

948 490 1106 516 coerces
1121 509 1131 528 ,
1361 486 1432 517 (124,

281 537 471 589 Quodque
504 537 587 576 aliis
621 549 718 588 opus
752 542 838 588 est,
871 537 944 574 1100
977 536 1049 575 tibi
1080 536 1189 575 lusus
1222 537 1317 575 erit.

159 605 200 636 75
222 595 349 648 thue
381 608 454 635 neo
486 596 533 634 ad
565 596 751 635 citharam
770 626 781 648 ‚
814 607 885 634 nec
918 595 962 633 ad
997 607 1128 633 arcum
1162 596 1290 644 segnis

947 653 1082 704 Apollo
1115 659 1197 705 est,

282 714 357 752 Sed
392 715 495 752 venit
527 713 572 751 ad
606 725 734 752 sacras
767 725 910 751 nervus
945 719 1108 762 uterque
1141 724 1301 763 manus,

223 772 286 811 Sic
320 772 389 810 tihi
421 784 491 810 nec
525 771 657 823 docti,
691 784 761 810 nec
794 771 934 810 desunt
966 771 1155 822 principis
1188 777 1312 822 artes,

280 830 398 869 Mixta
430 830 497 869 sed
531 836 591 869 est
623 831 749 868 animo
783 842 871 868 cum
903 830 990 867 Iove
1022 829 1132 867 Musa
1163 836 1252 868 tuo.

221 889 327 935 Quae
361 891 541 940 quoniam
575 900 646 927 neo
678 901 749 927 nos
781 888 884 927 unda
917 889 1124 926 summovit
1156 887 1202 926 ab
1235 887 1319 939 illa,

158 956 201 987 80
282 946 429 998 Ungula
462 947 655 998 Gorgonei
689 959 803 997 quam
836 959 923 985 cava
957 947 1050 985 fecit
1082 948 1195 997 equi,

221 1006 377 1057 Prosit,
410 1017 600 1057 opemque
634 1006 732 1044 ferat
764 1007 983 1044 communia
1016 1017 1123 1043 saera
1157 1006 1281 1056 tueri,

281 1065 406 1115 Atque
439 1064 560 1102 isdem
594 1064 732 1102 studiis
765 1065 985 1115 inposuisse
1017 1075 1197 1102 manum:

223 1122 351 1162 Litora
385 1122 527 1173 pellitis
561 1124 722 1161 nimium
756 1122 930 1160 subiecta
963 1121 1124 1160 Corallis

282 1180 330 1219 Ut
363 1181 517 1219 tandem
551 1193 685 1218 saevos
718 1182 977 1231 effugiamque
1011 1180 1149 1219 Getas:

159 1248 202 1279 85
224 1239 437 1290 Clausaque
472 1241 503 1277 si
537 1241 678 1277 misero
711 1241 834 1289 patria
867 1245 948 1291 est,
983 1245 1025 1278 ut
1057 1251 1178 1290 ponar
1209 1240 1249 1277 in
1281 1238 1368 1290 illo,

282 1298 355 1343 Qui
389 1299 517 1336 minus
549 1298 718 1336 Ausonia
752 1298 867 1335 distet
901 1297 946 1335 ab
980 1297 1112 1349 Urbe,
1145 1297 1252 1348 loco,

225 1356 332 1395 Unde
365 1363 450 1394 tuas
484 1357 631 1406 possim
664 1355 795 1394 laudes
829 1355 1025 1394 celebrare
1060 1362 1237 1394 recentes

281 1414 493 1465 Magnaque
527 1426 641 1465 quam
676 1416 832 1452 minima
865 1415 963 1453 sacta
996 1414 1144 1452 referre
1179 1425 1307 1452 mora.

222 1473 370 1524 Tangat
403 1480 443 1511 ut
477 1473 549 1511 hoc
584 1478 714 1511 votum
748 1472 926 1511 caelestia
949 1505 958 1523 ‚
991 1485 1078 1511 care
1113 1472 1252 1524 Suilli,

154 1540 197 1571 90
277 1531 472 1582 Numina,
505 1543 574 1583 pro
608 1543 744 1570 socero
776 1543 898 1582 paene
931 1543 1092 1583 precare
1127 1538 1215 1570 tuo.

694 1659 843 1705 ἾῘΙΙΙΙ.

224 1763 333 1802 Unde
366 1763 484 1814 licet,
518 1777 595 1802 non
629 1764 731 1802 unde
764 1766 896 1814 iuvat,
931 1764 1148 1815 Graecine,
1181 1763 1344 1802 salutem

283 1822 400 1861 Mittit
433 1822 478 1860 ab
512 1822 673 1860 Euxinis
706 1822 805 1860 hanc
838 1822 906 1860 11111
940 1821 1040 1860 Naso
1074 1822 1203 1860 vadis.

223 1880 417 1931 Missaque
437 1912 447 1931 ,
480 1880 518 1919 di
551 1881 720 1932 faciant,
754 1892 933 1918 auroram
967 1887 1147 1918 occurrat
1179 1880 1225 1918 ad
1259 1880 1384 1932 illam,

283 1939 347 1978 Bis
381 1951 494 1977 senos
528 1940 651 1978 fasces
685 1951 782 1989 quae
814 1939 885 1977 tibi
917 1940 1039 1989 prima
1072 1938 1204 1977 dabit:

185 2005 203 2037 5
223 1997 302 2048 Ut,
336 2000 516 2049 quoniam
549 1999 631 2036 sine
666 2009 725 2036 me
759 2003 891 2048 tanges
924 1997 1110 2047 Capitolia
1142 1997 1278 2036 consul
1365 2006 1438 2037 (125)

284 2055 331 2094 Et
364 2057 451 2094 fiam
483 2056 621 2095 turbae
653 2067 743 2106 pars
776 2068 845 2106 ego
879 2055 981 2094 nulla
1015 2063 1128 2107 tuae,

226 2114 268 2152 In
302 2115 448 2153 domini
481 2114 618 2153 subeat
650 2120 779 2165 partes
812 2119 850 2152 et
881 2119 1053 2164 praestet
1086 2115 1199 2152 amici

284 2172 465 2211 Officium
497 2175 599 2212 iusto
632 2172 760 2211 littera
792 2178 923 2211 nostra
957 2173 1042 2210 die.

227 2231 352 2281 Atque
386 2243 456 2282 ego
489 2233 521 2270 si
554 2232 640 2270 fatis
673 2232 827 2282 genitus
859 2230 1086 2269 melioribus
1118 2242 1243 2268 essem

163 2297 204 2328 10
284 2289 332 2327 Et
364 2301 448 2328 mea
480 2291 634 2328 sincero
668 2296 846 2328 ourreret
876 2301 944 2327 axe
977 2295 1084 2340 rota,

226 2346 309 2392 Quo
337 2360 441 2386 nunc
474 2355 607 2387 nostra
633 2360 770 2387 manus
797 2360 868 2398 per
889 2349 1078 2399 seriptum
1109 2348 1308 2399 fungitur,
1334 2353 1438 2386 esset
