1570 2527
165 112 249 154 328
707 114 960 146 PASTORUM

342 222 517 261 Caesaris
549 222 740 260 Ausoniae
773 227 1074 273 protegerentur
1106 234 1222 274 opes.

284 280 350 318 Ille
383 286 494 318 notas
526 286 678 318 veteres
711 285 750 318 et
781 280 885 331 longi
917 280 1085 319 dedecus
1118 282 1200 319 aevi

197 347 263 377 590
345 338 538 377 Sustulit.
595 344 789 389 agnorunt
820 341 927 390 signa
959 344 1116 390 recepta
1148 351 1261 378 suos.

285 397 385 441 Quid
419 396 489 434 tibi
521 408 625 435 nunc
658 396 792 435 solitae
825 399 926 436 mitti
958 405 1046 448 post
1080 403 1184 448 terga
1217 399 1400 449 sagittae,

343 454 443 500 Quid
475 454 584 506 loca,
618 455 709 506 quid
742 456 868 507 rapidi
899 456 1046 506 profuit
1078 467 1173 494 usus
1206 457 1318 506 equi,

284 513 425 551 Parthe
446 510 467 551 *Ρ
510 513 635 551 refers
667 515 815 564 aquilas
834 546 845 566 ‚
877 516 999 553 victos
1032 526 1186 565 quoque
1219 515 1386 565 porrigIS

1008 584 1144 611 arcus:

342 630 508 680 PIgnora
541 632 615 668 iam
648 632 773 670 nostri
807 630 909 670 nulla
940 631 1101 682 pudoris
1133 630 1276 669 habes.

195 697 261 727 595
283 687 369 726 Rite
402 688 474 727 deo
507 688 773 740 templumque
807 689 938 728 datum
971 701 1190 740 nomenque
1223 689 1282 728 bis
1314 688 1419 740 ulto,

342 746 390 785 Et
422 749 586 785 meritus
619 751 696 786 voti
729 748 858 786 debita
890 747 1003 787 solvit
1033 748 1179 786 honor.

286 805 501 844 Sollemnes
534 805 646 844 ludos
680 806 792 845 Circo
825 805 1048 858 celebrate,
1082 805 1276 852 Quirites!

341 864 426 902 Non
460 865 539 902 visa
572 870 629 903 est
663 865 804 903 fortem
837 877 975 904 scaena
1008 865 1147 903 decere
1180 865 1318 903 deum.

657 955 720 996 13.
752 955 788 996 E
816 954 1020 996 LEM-N

284 1039 435 1077 Pliadas
469 1041 632 1090 aspicies
665 1052 799 1077 omnes
833 1046 1036 1090 totumque
1069 1051 1248 1078 sororum

198 1106 263 1137 600
343 1098 519 1149 Agmen,
552 1097 620 1136 ubi
653 1104 740 1136 ante
773 1097 863 1136 Idus
896 1110 971 1135 nox
1004 1099 1078 1136 erit
1110 1110 1185 1136 una
1218 1109 1356 1148 super.

285 1155 383 1194 Tum
416 1156 509 1193 mihi
542 1168 620 1193 non
653 1155 781 1194 dubiis
814 1155 1040 1194 auctoribus
1073 1157 1210 1207 incipit
1241 1162 1389 1208 aestas,

343 1213 390 1251 Et
422 1214 543 1264 tepidi
575 1215 691 1252 finem
723 1220 899 1265 tempora
931 1216 1033 1252 veris
1065 1214 1232 1253 habent.

753 1307 816 1346 14.
847 1304 920 1346 FC

286 1389 419 1428 Idibus
451 1402 517 1427 ora
550 1391 658 1440 prior
691 1389 880 1428 stellantia
915 1389 1050 1428 tollere
1083 1389 1255 1427 Taurum

344 1447 519 1486 Iudicat.
577 1448 668 1486 huic
701 1449 809 1498 signo
843 1447 970 1486 sabula
1003 1452 1092 1486 nota
1125 1447 1281 1485 subest.

200 1515 265 1545 605
287 1506 500 1557 Praebuit,
535 1512 576 1545 ut
608 1513 743 1545 taurus
762 1538 773 1557 ‚
805 1506 943 1557 Tyriae
977 1518 1046 1544 sua
1079 1511 1184 1556 terga
1216 1504 1365 1556 puellae

346 1565 549 1616 Iuppiter,
583 1571 621 1603 et
653 1565 744 1603 falsa
779 1577 925 1603 cornua
958 1565 1085 1603 fronte
1119 1564 1231 1603 tulit.

288 1623 353 1661 Illa
386 1623 515 1661 iubam
548 1623 683 1662 dextra
703 1655 713 1675 ,
746 1623 851 1662 laeva
884 1623 1076 1662 retinebat
1108 1624 1294 1673 amictus,

345 1681 393 1720 Et
426 1683 542 1720 timor
574 1683 657 1732 ipse
690 1684 778 1720 novi
811 1694 926 1720 causa
959 1682 1111 1719 decoris
1144 1686 1248 1719 erat.

288 1741 389 1777 Aura
423 1741 531 1778 sinus
563 1740 725 1790 implet,
758 1740 876 1778 ssavos
909 1746 1034 1778 movet
1068 1751 1161 1778 aura
1193 1738 1373 1789 capillos:

201 1807 266 1836 610
348 1798 511 1849 Sidoni,
545 1799 600 1836 sic
634 1799 763 1836 fueras
795 1798 1017 1848 aspicienda
1048 1797 1149 1835 Iovi.

288 1856 411 1906 Saepe
444 1855 637 1906 puellares
670 1856 856 1894 subduxit
887 1856 933 1894 ab
966 1867 1135 1906 aequore
1166 1854 1339 1906 plantas,

346 1914 394 1953 Et
425 1916 565 1953 metuit
596 1920 723 1953 tactus
755 1914 962 1952 assilientis
995 1926 1140 1964 aquae:

288 1973 410 2023 Saepe
443 1973 540 2011 deus
571 1973 744 2023 prudens
777 1979 930 2023 tergum
963 1972 1118 2010 demisit
1148 1973 1188 2010 in
1220 1971 1366 2023 undas,
1427 1978 1500 2011 (185)

346 2031 512 2070 Haereat
545 2038 588 2070 ut
619 2031 716 2069 collo
750 2032 889 2070 fortius
920 2030 983 2069 illa
1015 2043 1109 2069 suo,

201 2099 266 2128 015
288 2089 486 2128 Litoribus
519 2092 631 2128 tactis
664 2089 790 2128 stabat
822 2091 905 2128 sine
938 2088 1123 2128 cornibus
1155 2088 1244 2127 ullis

346 2148 520 2199 Iuppiter
540 2180 550 2200 ‚
582 2150 700 2199 inque
733 2148 848 2187 deum
882 2148 928 2186 de
961 2147 1057 2186 bove
1091 2158 1227 2185 versus
1259 2152 1361 2184 erat.

289 2207 441 2245 'l'aurus
473 2208 545 2245 init
578 2207 755 2245 caelum:
800 2213 866 2258 te,
901 2206 1063 2257 Sidoni,
1095 2205 1269 2256 Iuppiter
1301 2203 1456 2255 implet,

347 2265 520 2316 Parsque
554 2272 663 2304 tuum
697 2271 823 2304 terrae
856 2266 970 2303 tertia
1003 2275 1143 2302 nomen
1177 2262 1313 2301 habet.

289 2322 370 2361 Hoc
403 2323 466 2361 alii
498 2325 650 2374 signum
684 2323 862 2362 Phariam
894 2323 1025 2361 dixere
1058 2324 1282 2373 iuvencam,
