1570 2527
579 115 639 147 VI.
667 115 865 153 eli-681.
1305 110 1388 153 351

169 223 234 263 Sic
265 224 392 274 agitur
425 233 592 261 censura
623 227 662 260 et
694 223 750 260 sic
783 221 959 273 exempla
989 226 1200 273 parantur,

228 281 323 321 Cum
359 280 528 333 vindex,
559 280 654 320 alios
687 280 792 331 quod
823 286 986 331 monet,
1018 281 1102 331 ipse
1134 280 1250 319 facit.

424 371 489 412 12.
522 369 604 413 ΟΝ
668 371 732 412 13.
763 370 802 412 D
828 370 1016 413 EID-N

168 456 281 497 Nulla
312 462 403 495 nota
435 460 496 494 est
526 455 707 494 veniente
739 454 800 494 die
820 485 831 507 ,
872 467 988 506 quam
1020 455 1151 494 dicere
1182 455 1332 506 possis.

82 524 150 557 650
227 514 361 554 Idibus
392 512 539 553 Invicto
572 519 664 552 sunt
696 513 781 553 data
814 513 957 565 templa
988 513 1091 552 Iovi.

168 573 219 614 Et
249 575 326 612 iam
359 573 630 623 Quinquatrus
661 571 800 611 iubeor
832 584 992 611 narrare
1025 573 1220 611 minores.

228 632 342 672 Nunc
368 631 459 670 ades
491 629 542 669 o!
588 632 737 682 coeptis
756 662 766 682 ‚
798 630 895 669 flava
926 630 1127 682 Minerva,
1159 632 1279 669 meis,

171 688 272 731 ‘Cur
303 702 424 741 vagus
455 688 603 728 incedit
633 695 713 728 tota
745 689 892 728 tibicen
924 691 964 728 in
996 688 1099 728 Urbe
1119 687 1140 729 ἶ)

230 749 331 796 Quid
364 748 440 788 sibi
470 759 660 799 personae
679 779 689 799 ‚
723 748 817 799 quid
849 747 946 787 stola
977 747 1092 799 longa
1123 744 1315 786 voluntP'

83 816 151 850 655
173 808 237 848 Sic
269 819 341 859 ego
363 838 371 846 .
427 807 484 845 sic
515 807 642 858 posita
674 806 849 846 Tritonia
882 806 1042 857 cuspide
1075 806 1193 846 dixit:

230 866 383 906 Possim
415 867 564 904 utinam
596 864 733 904 doctae
765 864 884 904 verba
915 865 1065 903 referre
1098 864 1215 903 deae!

172 922 454 976 ‘Temporibus
487 929 664 962 veterum
695 923 869 962 tibicinis
901 935 998 962 usus
1030 935 1191 962 avorum

229 983 392 1034 Magnus
424 987 464 1020 et
494 983 534 1020 in
565 993 706 1032 magno
738 993 895 1033 semper
927 981 1076 1020 honore
1108 981 1206 1021 fuit.

173 1041 361 1082 Cantabat
391 1041 491 1080 fanis
509 1070 520 1091 ,
553 1039 732 1079 cantabat
763 1040 858 1079 tibia
888 1039 1015 1092 ludis,

85 1109 153 1143 660
233 1098 421 1140 Cantabat
451 1099 611 1138 maestis
644 1098 738 1138 tibia
771 1098 1000 1138 funeribus:

172 1158 306 1199 Dulcis
339 1163 424 1197 erat
454 1156 636 1196 mercede
667 1156 805 1196 labor.
864 1162 1100 1208 tempusque
1132 1162 1336 1209 secutum,

234 1216 348 1263 Quod
379 1215 509 1255 subito
542 1215 678 1254 Graiae
711 1215 910 1266 frangeret
941 1217 1036 1253 artis
1069 1227 1191 1268 opus;

173 1276 282 1316 Adde
315 1274 420 1327 quod
453 1273 587 1313 aedilis
606 1305 617 1326 ,
648 1285 829 1325 pompam
862 1275 929 1325 qui
961 1273 1110 1313 funeris
1141 1275 1269 1325 irent,

233 1335 414 1374 Artifices
447 1333 552 1371 solos
583 1334 751 1371 iusserat
783 1344 870 1371 esse
902 1332 1061 1371 decem.

87 1402 155 1436 665
174 1393 300 1433 Exilio
331 1397 485 1432 mutant
516 1390 661 1430 Urbem
679 1422 690 1443 ,
722 1390 923 1442 Tiburque
956 1390 1169 1430 recedunt.

233 1451 403 1491 Exilium
435 1450 604 1502 quodam
635 1456 812 1502 tempore
843 1448 968 1489 Tibur
1000 1455 1104 1489 erat.

177 1511 388 1558 Quaeritur
418 1511 459 1548 in
492 1520 631 1548 scaena
663 1520 754 1547 cava
786 1508 909 1560 tibia,
942 1509 1145 1559 quaeritur
1177 1508 1279 1559 aris;

233 1569 351 1609 Ducit
381 1579 587 1620 supremos
619 1568 756 1606 naenia
787 1566 893 1606 nulla
924 1572 1056 1606 toros.

177 1628 375 1668 Servierat
405 1626 562 1678 quidam
581 1658 592 1678 ,
624 1625 868 1677 quantolibet
899 1625 1036 1664 ordine
1068 1625 1232 1676 dignus,

89 1696 156 1729 670
235 1687 381 1726 Tibure
400 1718 411 1738 ‚
444 1684 512 1724 sed
543 1685 658 1736 longo
690 1690 867 1736 tempore
897 1683 998 1723 liber
1030 1689 1138 1724 erat.

178 1746 284 1786 Rure
317 1746 435 1796 dapes
467 1749 578 1795 parat
607 1743 672 1782 ille
704 1755 775 1782 suo
794 1775 805 1795 ‚
838 1741 1072 1794 turbamque
1104 1753 1286 1782 canoram

236 1804 461 1844 Convocat:
505 1802 553 1841 ad
584 1802 704 1841 festas
736 1802 919 1841 convenit
950 1801 1014 1840 illa
1046 1801 1187 1853 dapes,

177 1862 262 1903 Nox
293 1868 407 1914 erat,
439 1867 479 1900 et
510 1861 609 1900 vinis
641 1860 823 1912 oculique
855 1861 1052 1911 animique
1084 1858 1290 1910 natabant,

237 1921 335 1960 Cum
366 1921 680 1971 praecomposito
712 1920 874 1958 nuntius
907 1930 975 1957 ore
1007 1919 1135 1969 venit,

90 1988 158 2021 675
179 1979 306 2031 Atque
337 1980 419 2030 ita,
451 1974 584 2029 “quid
615 1989 745 2017 cessas
777 1977 952 2016 conviVIa
984 1975 1134 2015 solvere
1154 1972 1212 2014 ‘3²’
1244 1975 1341 2015 dixit

237 2035 417 2077 “Auctor
448 2036 640 2075 vindictae
672 2036 748 2075 iam
781 2037 887 2074 venit
917 2046 1009 2074 ecce
1042 2031 1192 2074 tuae.''

178 2096 260 2137 Nec
293 2107 402 2135 mora
421 2127 431 2147 ,
463 2095 647 2134 convivae
680 2093 804 2133 valido
838 2092 1044 2133 titubantia
1074 2094 1164 2132 vino

237 2154 412 2195 Membra
443 2159 627 2194 movent:
663 2152 773 2192 dubii
805 2157 987 2204 stantque
1018 2151 1227 2204 labantque
1258 2150 1400 2203 pedes.

179 2214 229 2255 At
259 2214 440 2254 dominus
473 2209 700 2252 “discedite
720 2208 767 2251 1²⁹
800 2213 876 2263 ait,
913 2211 1167 2263 plaustroque
1201 2215 1400 2250 morantes

92 2281 160 2314 680
243 2272 439 2313 Sustulit:
481 2273 521 2311 in
552 2271 728 2324 plaustro
761 2271 914 2322 scirpea
945 2269 1020 2309 iata
1052 2270 1149 2309 fuit.

181 2331 364 2372 Alliciunt
395 2342 554 2371 somnos
585 2336 741 2381 tempus
772 2334 982 2380 motusque
1014 2339 1268 2380 merumque,
