1570 2527
85 137 171 180 214
625 139 878 172 FASTORUM

202 247 313 294 Quod
346 249 439 287 satis
471 253 560 299 est,
591 253 704 286 utero
735 250 871 287 matris
906 248 1002 288 dum
1034 250 1202 301 prodeat
1232 251 1384 304 infans,

260 305 342 345 Hoc
374 317 474 345 anno
507 307 642 345 statuit
672 308 859 358 temporis
891 319 977 346 esse
1009 309 1125 347 satiS.

138 373 181 404 35
201 364 276 403 Per
308 364 469 403 totidem
501 376 655 403 menses
687 377 707 403 a
739 365 877 404 funere
910 367 1086 416 coniugis
1117 378 1216 406 uxor

262 422 438 461 Sustinet
467 423 508 461 in
539 422 653 462 vidua
683 424 811 462 tristia
842 425 952 474 signa
983 424 1121 464 domo.

201 480 305 519 Haec
334 482 454 532 igitur
485 480 580 520 vidit
611 481 776 520 trabeati
806 493 900 520 cura
933 481 1110 534 Quirini,

261 539 359 578 Cum
390 538 554 578 rudibus
586 539 740 590 populis
772 551 899 578 annua
929 541 1015 578 iura
1047 539 1179 581 daret.

201 597 334 636 Martis
366 602 450 636 erat
480 599 631 648 primus
663 599 836 650 mensis,
869 596 1110 650 Venerisque
1141 598 1362 639 secundus:

138 664 182 695 40
260 655 364 695 Haec
394 657 549 707 generis
581 657 787 708 princeps,
819 657 943 707 ipsius
974 656 1037 695 ille
1069 662 1204 708 pater:

202 714 359 753 Tertius
390 726 412 753 a
444 714 631 766 senibus,
662 716 846 753 iuvenum
878 714 925 753 de
958 717 1114 754 nomine
1147 721 1333 769 quartUS,

259 772 367 818 Quae
400 774 606 825 sequitur,
637 785 801 812 numero
834 773 949 812 turha
980 779 1111 813 notata
1142 775 1239 813 fuit.

201 831 250 870 At
280 831 405 870 Numa
436 843 509 870 nec
540 831 675 870 Ianum
706 844 779 871 nec
811 833 930 870 avitas
961 833 1149 883 praeterit
1179 832 1361 884 umbras,

258 889 457 928 Mensibus
489 891 659 941 antiquis
690 892 994 941 praeposuitque
1027 890 1150 930 duos.

136 956 180 987 45
201 947 256 986 Ne
289 953 418 986 tamen
449 949 606 998 ignores
637 950 832 987 variorum
864 950 949 987 iura
981 948 1156 1002 dierum,

258 1005 344 1045 Non
375 1005 492 1044 habet
524 1007 642 1045 officii
672 1007 811 1046 lucifer
844 1008 969 1045 omnis
1001 1007 1127 1046 idem.

200 1064 266 1103 Ille
298 1065 472 1103 nefastus
505 1066 608 1117 erit,
637 1077 708 1116 per
741 1077 856 1116 quem
888 1067 961 1103 tria
993 1065 1110 1104 verba
1142 1065 1328 1105 silentur:

258 1122 397 1162 Fastus
429 1124 531 1174 erit,
563 1135 634 1174 per
666 1135 782 1174 quem
812 1123 896 1174 lege
928 1123 1061 1162 licebit
1092 1125 1174 1175 agi.

200 1181 280 1220 Nec
312 1187 392 1220 toto
424 1187 600 1232 perstare
633 1181 693 1220 die
727 1193 796 1220 sua
827 1183 913 1220 iura
943 1183 1117 1232 putaris:

136 1247 180 1279 50
260 1239 335 1285 Qui
366 1241 441 1278 iam
472 1239 595 1278 fastus
627 1241 731 1290 erit,
761 1252 874 1279 mane
906 1241 1080 1279 nefastus
1112 1245 1218 1279 erat.

200 1298 298 1336 Nam
329 1297 444 1336 simul
476 1303 563 1336 exta
595 1297 667 1336 deo
700 1298 786 1336 data
818 1304 938 1349 sunt,
969 1298 1061 1337 licet
1092 1300 1221 1337 omnia
1252 1299 1348 1350 fari,

258 1355 461 1407 Verbaque
493 1356 706 1394 honoratus
737 1356 859 1395 libera
889 1362 1046 1407 praetor
1077 1356 1218 1396 habet.

201 1414 271 1453 Est
302 1426 457 1466 quoque
475 1445 486 1466 ,
519 1426 596 1465 quo
621 1414 809 1465 populum
841 1416 902 1453 ius
933 1420 992 1453 est
1021 1415 1223 1454 includere
1250 1417 1416 1467 saeptis:

257 1472 329 1512 Est
360 1485 544 1524 quoque,
578 1475 645 1524 qui
675 1485 778 1511 nono
811 1485 966 1524 semper
997 1472 1043 1511 ab
1075 1473 1170 1512 orbe
1202 1473 1326 1513 redit.

137 1540 180 1571 55
200 1530 377 1570 Vindicat
407 1531 598 1569 Ausonias
629 1530 790 1570 Iunonis
822 1543 916 1570 cura
947 1530 1161 1584 Kalendas,

257 1589 391 1628 Idibus
423 1589 507 1627 alba
539 1588 619 1628 Iovi
650 1589 832 1640 grandior
864 1601 961 1640 agna
992 1590 1117 1641 cadit3

198 1647 398 1687 Nonarum
430 1647 552 1686 tutela
583 1647 654 1686 deo
687 1653 821 1687 caret.
878 1647 1060 1686 omnibus
1091 1649 1176 1687 istis
1207 1669 1254 1677 —

258 1705 316 1744 Ne
347 1705 479 1744 fallare
511 1718 602 1744 cave
635 1728 679 1733 —-
709 1707 910 1757 proximus
943 1712 1026 1745 ater
1058 1708 1154 1745 erit.

202 1763 326 1803 Omen
358 1763 403 1802 ab
436 1769 577 1802 eventu
609 1769 697 1803 est:
740 1764 816 1802 illis
847 1776 936 1802 nam
967 1763 1088 1802 Roma
1120 1763 1258 1803 diebus

139 1830 183 1863 60
261 1821 405 1861 Damna
437 1821 510 1860 sub
543 1833 677 1860 averso
708 1823 835 1860 tristia
866 1821 987 1860 Marte
1019 1821 1132 1860 tulit.

201 1880 305 1920 Haec
336 1879 430 1918 mihi
461 1880 564 1919 dicta
595 1880 743 1932 semel,
775 1881 867 1919 totis
899 1880 1098 1918 haerentia
1129 1880 1261 1933 fastis,

258 1938 315 1978 Ne
348 1939 491 1978 seriem
522 1950 656 1978 rerum
687 1938 865 1977 scindere
898 1951 1043 1991 cogar,
1077 1944 1214 1978 erunt.

548 2031 584 2071 1.
632 2028 955 2071 A·K·IAN·F

202 2112 303 2153 Ecce
336 2113 408 2152 tibi
439 2114 639 2166 faustum,
672 2113 900 2152 Germanice
920 2145 931 2166 ,
963 2115 1116 2153 nuntiat
1147 2125 1314 2166 annum,

261 2172 384 2223 Inque
416 2184 502 2211 meo
534 2174 684 2223 prImus
717 2173 888 2211 carmine
919 2172 1035 2211 Ianus
1067 2172 1197 2212 adest.

139 2237 182 2269 65
202 2229 291 2268 Iane
323 2230 456 2281 biceps
475 2261 486 2283 ,
518 2232 610 2269 anni
641 2232 756 2270 tacite
789 2230 953 2269 labentis
984 2232 1117 2283 origo,

262 2287 376 2327 Solus
408 2289 456 2327 de
488 2290 642 2340 superis
673 2290 740 2340 qui
772 2295 837 2328 tua
869 2295 977 2340 terga
1007 2289 1137 2340 vides,

202 2345 346 2385 Dexter
378 2346 469 2386 ades
501 2346 695 2396 ducibus,
728 2359 896 2399 quorum
927 2359 1065 2386 secura
1096 2346 1227 2385 labore
