1570 2527
605 109 652 140 11.
679 111 876 142 505—578.
1358 106 1413 148 37

186 217 377 256 Praeterii
408 218 552 257 totiens
584 219 835 256 inrevocatus
869 229 1011 268 eques.

188 275 292 327 Ergo
326 288 424 327 quae
457 277 608 315 iuvenis
641 275 737 314 mihi
769 288 848 314 non
880 277 1059 314 nocitura
1089 277 1222 327 putavi

187 334 341 386 Scripta
372 347 512 386 parum
544 334 718 386 prudens
738 365 749 386 ,
781 346 886 373 nunc
919 346 1091 373 nocuere
1123 335 1230 373 seni.

99 401 166 432 545
189 393 284 432 Sera
316 393 550 432 redundavit
581 394 726 432 veteris
758 393 928 431 vindicta
960 393 1105 446 libelli,

186 452 313 491 Distat
346 458 385 491 et
416 464 437 491 a
468 453 600 491 meriti
630 457 807 503 tempore
840 464 966 502 poena
999 454 1083 491 sui.

186 510 243 550 Ne
275 517 406 550 tamen
439 523 553 550 omne
585 522 717 549 meum
749 510 886 549 credas
926 523 1025 562 opus
1064 522 1150 550 esse
1182 511 1414 562 remissum,

188 569 312 621 Saepe
345 569 435 608 dedi
466 575 624 608 nostrae
656 569 817 620 grandia
849 569 931 608 vela
963 571 1061 608 rati.

189 627 265 667 Sex
299 640 369 679 ego
402 628 609 667 Fastorum
643 630 784 678 scripsi
816 628 1059 679 totidemque
1091 627 1266 680 libellos,

98 694 165 725 550
187 686 364 737 Cumque
397 699 468 725 suo
501 687 619 725 finem
651 698 786 725 mense
819 686 1001 725 volumen
1034 686 1173 739 habet,

185 744 307 796 quue
340 751 407 783 tuo
440 756 568 795 nuper
601 746 793 795 scriptum
826 745 899 783 sub
932 747 1120 797 nomine,
1153 745 1317 798 Caesar,

184 803 236 842 Et
266 803 338 842 tihi
370 809 566 842 sacratum
599 814 685 841 sors
718 815 803 841 mea
835 805 942 854 rupit
975 816 1096 855 opus3

184 861 235 901 Et
267 861 446 901 dedimus
478 863 637 913 tragicis
670 863 862 912 scriptum
894 862 1023 913 regale
1056 862 1285 913 cothurnis,

187 920 374 971 Quaeque
407 922 535 972 gravis
568 920 685 959 debet
717 920 835 959 verba
868 920 1086 960 cothurnus
1119 920 1259 973 habet3

97 986 164 1017 555
184 978 374 1030 Dictaque
408 986 501 1018 sunt
533 979 646 1018 nobis
665 1011 675 1031 ,
718 981 894 1030 quamvis
926 991 1064 1018 manus
1097 979 1233 1019 ultima
1266 980 1415 1031 coeptis

184 1038 346 1090 Defuit,
378 1040 418 1077 in
451 1039 570 1077 facies
603 1050 769 1089 corpora
801 1050 914 1077 versa
946 1051 1088 1077 novas.

185 1097 314 1148 Atque
345 1099 494 1136 utinam
528 1109 690 1136 revoces
723 1098 896 1136 animum
927 1097 1127 1149 paulisper
1160 1096 1207 1135 ab
1238 1098 1320 1149 ira,

185 1155 236 1194 Et
266 1167 388 1194 vacuo
420 1155 557 1194 iubeas
589 1156 681 1194 hinc
713 1155 784 1194 tibi
815 1168 939 1207 pauca
971 1156 1071 1209 legi,

184 1213 344 1266 Pauca,
377 1214 520 1265 quibus
551 1216 677 1266 prima
711 1227 877 1265 surgens
910 1214 956 1253 ab
989 1217 1139 1266 origine
1172 1214 1309 1254 mundi

97 1273 230 1311 5601n
262 1278 328 1311 tua
361 1273 505 1312 deduxi
536 1278 712 1325 tempora
731 1305 742 1326 ,
775 1273 917 1312 Caesar
936 1305 946 1325 ‚
979 1273 1101 1325 opus!

185 1333 362 1382 Aspicies
381 1363 392 1384 ,
425 1338 616 1383 quantum
649 1332 805 1371 dederis
838 1332 933 1371 mihi
965 1334 1138 1384 pectoris
1169 1334 1278 1385 ipse,

186 1391 352 1441 Quoque
385 1391 516 1429 favore
550 1392 669 1429 animi
700 1396 818 1441 teque
851 1396 1021 1441 tuosque
1054 1403 1212 1430 canam.

185 1449 272 1487 Non
305 1461 376 1499 ego
408 1449 583 1487 mordaci
615 1449 807 1487 destrinxi
840 1450 1012 1487 carmine
1045 1461 1302 1501 quemquam,

186 1507 268 1545 Nec
299 1519 411 1546 meus
443 1507 561 1546 ullius
594 1509 757 1546 crimina
790 1519 928 1546 versus
960 1507 1100 1548 habet.

97 1572 165 1605 565
187 1565 383 1604 Candidus
410 1578 430 1604 a
462 1565 609 1604 salibus
642 1567 801 1604 suffusis
834 1566 921 1604 felle
955 1567 1107 1617 refugi:

187 1624 300 1663 Nulla
332 1630 523 1663 venenato
556 1624 686 1663 littera
717 1626 837 1663 mixta
868 1626 954 1663 ioco
988 1631 1071 1664 est.

185 1682 293 1722 Inter
325 1688 382 1722 tot
412 1683 576 1735 populi,
609 1688 668 1722 tot
699 1684 857 1734 scriptis
876 1715 887 1735 ,
919 1683 1023 1721 milia
1056 1685 1206 1736 nostri,

187 1741 313 1787 Quem
344 1753 431 1780 mea
464 1741 632 1793 Calliope
665 1741 852 1794 laeserit,
884 1754 987 1780 unus
1020 1754 1112 1781 ero.

184 1800 271 1839 Non
302 1802 423 1851 igitur
455 1802 602 1839 nostris
633 1800 757 1839 ullum
789 1800 960 1851 gaudere
994 1801 1187 1847 Quiritem

97 1866 165 1899 570
185 1859 397 1910 Auguror,
430 1865 468 1898 at
499 1859 643 1898 multos
675 1858 891 1898 indoluisse
923 1859 1058 1911 malis3

185 1917 266 1956 Nec
291 1918 388 1957 mihi
413 1917 600 1957 credibile
628 1923 716 1970 est,
750 1930 986 1969 quemquam
1012 1918 1220 1957 insultasse
1247 1919 1413 1971 iacenti,

187 1977 318 2015 Gratia
350 1976 512 2016 candori
542 1978 654 2028 siqua
686 1976 808 2016 relata
840 1989 950 2016 meo.

184 2034 255 2074 His
274 2066 285 2087 ,
316 2047 488 2088 precor,
520 2041 637 2086 atque
669 2035 753 2074 aliis
784 2037 938 2087 possint
969 2041 1036 2074 tua
1068 2037 1229 2075 numina
1260 2036 1389 2090 flecti,

187 2093 218 2132 Ο
250 2100 392 2147 pater,
425 2107 446 2133 o
478 2096 626 2146 patriae
660 2106 755 2133 cura
787 2094 970 2145 salusque
1003 2094 1116 2133 tuae!

98 2159 165 2192 575
185 2152 272 2191 Non
292 2185 302 2205 ,
334 2158 377 2205 ut
408 2154 449 2192 in
480 2154 692 2192 Ausoniam
724 2152 882 2191 redeam
901 2184 912 2205 ,
944 2154 1020 2191 nisi
1052 2153 1217 2193 forsitan
1250 2153 1365 2207 olim,

187 2211 284 2250 Cum
315 2211 431 2263 longo
463 2224 612 2263 poenae
644 2217 822 2262 tempore
854 2212 981 2250 victus
1014 2213 1116 2264 eris,

186 2270 327 2309 Tutius
360 2270 520 2310 exilium
550 2270 745 2322 pauloque
778 2271 950 2320 quietius
982 2282 1074 2323 oro,

187 2328 238 2368 Ut
267 2341 338 2380 par
370 2329 512 2369 delicto
546 2330 597 2368 sit
628 2341 712 2367 mea
744 2340 870 2380 poena
901 2341 983 2368 suo.
