1570 2527
1388 41 1440 76 XI

214 149 542 200 Interpolationis
580 151 687 188 certa
724 149 868 188 indicia
899 151 1021 189 Ibidis
1053 151 1145 188 libri
1175 153 1330 190 veteres
1362 164 1439 190 uno

94 210 252 248 tanturn
282 209 324 247 in
354 210 438 247 loco
472 208 631 256 habent,
663 220 725 247 vv.
756 211 834 246 131
874 211 967 258 132,
1001 209 1105 259 quod
1131 210 1327 248 distichon
1352 222 1441 248 cum

96 267 357 316 suspicionem
394 279 610 317 numquam
647 267 833 315 moverit,
875 268 916 305 in
953 268 1102 317 optimo
1140 271 1273 307 tamen
1309 269 1441 306 Ellisii

95 326 225 365 codice
246 325 281 364 G
307 326 436 374 abest,
471 324 733 363 substitutum
765 328 825 364 est
851 326 950 363 illud
975 327 1105 365 Finiat
1128 328 1197 365 illa
1223 328 1313 376 dies,
1345 339 1442 375 quac

95 388 130 423 te
153 386 246 423 mihi
271 385 464 423 subtrahet
490 385 600 430 oliuu
626 385 756 422 Fioziet
774 385 843 422 illa
868 386 958 435 dies,
984 397 1081 433 quae
1105 387 1171 424 tibi
1191 387 1305 424 tarda
1329 388 1441 435 venit,

92 443 200 493 vquod
239 443 281 481 in
317 443 516 492 plerisque
548 442 679 480 Ellisii
716 444 756 481 et
791 444 938 481 nostris
976 444 1088 482 libris
1125 444 1229 482 inter
1260 457 1320 483 vv.
1357 446 1440 483 130

95 505 137 540 et
176 504 256 540 131
299 501 357 540 ed.
395 504 571 549 nostrae,
622 501 662 538 in
705 514 782 539 uno
826 502 957 540 Ellisii
1001 505 1040 540 et
1076 515 1163 541 meo
1209 503 1357 552 optimo
1405 503 1440 540 A

95 563 187 610 post
234 562 314 599 132
362 560 621 609 perscriptum
662 562 732 598 est.
806 560 879 598 hoc
926 561 1050 610 igitur
1094 562 1143 599 ab
1186 561 1349 600 Heinsio
1402 563 1443 599 et

96 619 277 656 Bentleio
311 618 488 666 spurium
519 618 716 666 habitum,
750 614 864 656 ‘nihil
889 615 1036 657 verius’
1070 620 1270 658 iudicante
1304 619 1442 658 Schra-

96 677 201 715 dero.
274 678 409 714 tamen
464 676 596 714 verius
646 676 718 713 1100
767 679 882 725 puto,
934 681 1145 727 utrumque
1197 678 1441 717 subditivum

95 748 199 784 esse,
232 735 300 773 sed
332 735 502 772 alterum
532 735 830 783 interpolatoris
862 736 979 784 paulo
1005 737 1289 785 prudentioris,
1323 749 1442 786 quam

96 794 164 845 qui
212 794 341 832 Finiat
387 794 471 832 rell.
522 794 705 842 neglecta
761 805 947 831 versuum
998 796 1079 833 133
1129 796 1210 833 134
1261 795 1444 833 iunctura

95 853 320 902 scripserat.
429 852 531 901 quod
552 854 764 902 postquam
783 852 824 890 in
842 853 1020 902 margine
1041 856 1270 903 correctum,
1289 856 1442 892 utrum-

95 925 170 961 que
208 911 404 950 distichon
440 911 660 960 promiscue
698 923 769 960 per
806 911 928 949 libros
965 912 1158 950 traditum
1191 915 1268 961 est,
1308 913 1442 951 ordine

98 970 272 1019 variato,
304 982 382 1019 qua
413 982 455 1008 re
486 970 637 1008 factum
669 972 748 1018 est,
780 972 826 1008 ut
858 971 925 1020 qui
955 971 1085 1009 Finiet
1115 972 1199 1009 rell.
1234 974 1325 1009 ante
1361 973 1441 1010 133

96 1031 221 1068 nostr.
249 1029 306 1068 ed.
332 1029 570 1078 posuissent,
597 1029 670 1067 hoc
696 1029 893 1068 distichon
921 1031 1002 1068 133
1034 1031 1115 1068 134
1143 1030 1444 1080 expungendum

95 1090 299 1137 putarent,
345 1088 392 1125 (10
436 1100 511 1137 quo
549 1087 716 1136 posthac
753 1088 917 1128 dicetur.
992 1090 1109 1138 atque
1147 1089 1244 1127 haec
1282 1089 1441 1126 demum

96 1147 272 1185 violenta
304 1148 344 1184 et
377 1147 596 1184 deliberata
628 1149 688 1184 est
718 1146 1050 1195 interpolatorum
1082 1148 1341 1196 machinatio,
1373 1160 1445 1185 nec

96 1206 183 1254 ipsa
220 1205 346 1243 multo
386 1206 598 1253 recentior,
636 1207 681 1244 ut
718 1206 884 1254 posthac
921 1206 1146 1256 apparebit:
1186 1206 1444 1244 distichorum

98 1265 258 1302 illorum
295 1264 446 1302 fabrica
483 1264 644 1302 minime
678 1264 830 1313 dolosa,
869 1268 1067 1314 repertam
1109 1265 1212 1303 enim
1243 1266 1284 1303 in
1315 1265 1445 1303 codice

96 1323 311 1372 archetypo
355 1323 535 1361 lacunam
575 1323 698 1361 fuisse
737 1324 919 1361 arbitror.
992 1336 1109 1372 quam
1146 1324 1270 1362 fuisse
1309 1324 1442 1371 trium,

99 1394 178 1419 non
209 1382 377 1419 duorum
408 1393 595 1419 versuum
627 1381 760 1430 arguit
791 1381 889 1418 mihi
913 1394 948 1419 v.
979 1384 1073 1429 130,
1106 1382 1217 1420 cuius
1250 1382 1446 1420 sententia

98 1439 288 1488 insipida,
320 1452 447 1489 neque
479 1439 529 1476 ad
560 1452 622 1478 vv.
658 1441 739 1477 123
778 1441 878 1487 124,
916 1452 1042 1489 neque
1075 1441 1125 1478 ad
1157 1453 1219 1488 00,
1253 1453 1353 1490 quae
1385 1453 1442 1479 se-

98 1500 285 1547 quuntur,
319 1498 414 1536 satis
448 1497 714 1546 adcommoda,
747 1498 815 1536 ubi
846 1498 984 1536 mortis
1012 1499 1204 1547 supplicia
1229 1511 1307 1537 non
1332 1511 1447 1548 prae-

97 1557 227 1605 cipue,
273 1555 342 1594 sed
373 1556 601 1594 alternatim
646 1559 737 1605 post
775 1569 982 1594 aerumnas
1021 1557 1127 1595 vitae
1172 1570 1233 1595 vv.
1274 1559 1354 1595 251
1397 1558 1447 1595 ad

99 1616 196 1663 274,
230 1616 312 1653 343
341 1614 391 1652 ad
418 1616 513 1663 361,
547 1616 630 1652 415
660 1615 709 1652 ad
735 1616 832 1663 432,
865 1617 948 1653 451
977 1615 1028 1653 0(1
1048 1617 1144 1665 458,
1174 1617 1256 1654 537
1279 1616 1328 1654 ad
1349 1618 1446 1665 544,

98 1675 180 1712 561
216 1673 266 1711 ad
300 1674 382 1712 566
417 1673 712 1712 denuntiantur.

215 1732 464 1770 Lacunarum
513 1732 853 1770 resarciendarum
903 1733 1080 1782 pericula
1129 1734 1358 1782 saepissime
1407 1734 1448 1771 in

98 1791 296 1829 codicibus
328 1791 530 1830 veteribus
563 1803 586 1829 a
617 1791 815 1841 librariis,
840 1804 936 1840 quos
970 1792 1066 1830 alibi
1097 1792 1244 1830 vitasse
1277 1793 1376 1830 talia
1407 1795 1448 1831 et

97 1850 342 1899 perspexisse
373 1849 527 1899 videas,
565 1850 734 1888 maxime
766 1850 807 1887 in
838 1850 1030 1899 Ponticis,
1069 1851 1314 1889 exhibentur.
1390 1851 1448 1889 in-

98 1909 200 1946 dicia
242 1911 334 1947 sunt
371 1909 591 1947 sententiae
628 1909 813 1946 bifariam
851 1912 921 1947 aut
959 1909 1081 1958 aliqui
1118 1909 1315 1953 variatae,
1362 1910 1444 1948 sive

98 1967 139 2004 in
171 1967 339 2005 diversis
371 1967 484 2005 libris
517 1979 712 2017 seorsum,
746 1968 827 2005 sive
859 1968 900 2005 in
933 1968 1070 2005 eodem
1102 1969 1354 2006 continuatae
1387 1981 1446 2006 re-

97 2026 324 2075 periuntur,
363 2026 397 2064 si
429 2026 542 2075 ordo,
581 2039 657 2076 quo
690 2026 859 2075 positae,
898 2039 977 2064 non
1008 2028 1180 2076 constat,
1220 2027 1253 2065 si
1283 2027 1446 2065 remotis

101 2086 157 2122 eis
183 2097 283 2134 quae
309 2085 549 2134 relinquitur
575 2085 714 2135 oratio,
739 2085 857 2123 hiscit
883 2086 922 2122 et
948 2085 1158 2135 claudicat,
1185 2085 1219 2123 si
1243 2085 1284 2123 in
1310 2086 1446 2123 eodem

100 2142 269 2181 disticho
301 2155 394 2193 pars
428 2144 555 2182 altera
586 2146 695 2192 utra,
727 2144 956 2181 hexameter
986 2145 1050 2181 vel
1081 2146 1345 2193 pentameter,
1378 2147 1448 2183 aut

101 2202 209 2239 varie
241 2204 440 2251 concepta,
473 2203 534 2241 uti
559 2203 680 2241 habes
712 2203 753 2240 in
779 2202 898 2240 Trist.
919 2202 939 2240 Ι
966 2211 1044 2241 VIII
1072 2205 1140 2253 33,
1172 2205 1242 2241 aut
1265 2203 1308 2241 in
1332 2203 1446 2242 bonis

97 2259 210 2298 libris
243 2254 398 2299 omissa'
420 2263 491 2300 est.
