1570 2527
195 106 251 148 20
750 107 975 139 TRISTIUM

314 214 407 252 Inde
428 246 438 266 ‚
468 212 544 253 levi
575 219 689 252 vento
722 213 929 264 Zerynthia
960 213 1074 252 litora
1105 218 1241 265 nacta,

248 280 292 311 20
312 272 531 311 Threiciam
563 273 692 322 tetigit
725 271 825 310 fessa
858 273 988 310 carina
1022 272 1175 310 Samon.

315 330 445 368 Saltus
478 329 524 368 ab
556 329 628 368 hac
661 334 796 368 contra
828 329 957 368 brevis
990 335 1050 368 est
1081 329 1274 380 Tempyra
1304 330 1479 380 petenti:

313 388 393 426 Hac
425 389 626 426 dominum
659 393 772 426 tenus
805 393 864 426 est
895 387 959 426 illa
991 393 1123 426 secuta
1155 399 1292 426 suum.

312 445 409 484 Nam
440 445 536 483 mihi
565 445 760 484 Bistonios
791 445 936 496 placuit
967 445 1065 496 pede
1097 457 1259 496 carpere
1291 456 1473 496 campos:

313 503 644 554 Hellespontiacas
677 503 740 541 illa
772 503 911 553 relegit
942 515 1086 554 aquas,

254 569 298 600 25
318 562 627 611 Dardaniamque
660 563 786 611 petit,
819 562 989 599 auctoris
1021 572 1165 599 nomen
1195 559 1428 613 habentem,

316 619 367 658 Et
398 625 436 657 te
468 618 666 670 ruricola,
698 618 909 669 Lampsace
928 650 938 670 ‚
970 623 1054 657 tuta
1085 618 1182 669 deo,

318 677 510 728 Quodque
544 689 615 727 per
647 683 831 728 angustas
862 682 995 715 vectae
1027 676 1125 715 male
1159 677 1320 727 virginis
1351 677 1474 716 undas

316 735 457 774 Seston
489 734 672 786 Abydena
704 740 858 785 separat
889 734 986 773 urbe
1019 735 1186 787 fretum,

314 792 438 844 Inque
469 793 740 843 Propontiacis
772 793 999 831 haerentem
1033 792 1197 843 Cyzicon
1230 793 1334 845 oris,

252 859 297 890 30
317 851 483 902 Cyzicon
504 883 514 902 ,
545 850 779 889 Haemoniae
811 850 940 889 nobile
972 852 1098 901 gentis
1130 862 1251 902 opus,

317 909 503 959 Quaeque
536 915 671 948 tenent
702 909 817 947 Ponti
847 909 1029 959 Byzantia
1060 908 1173 947 litora
1205 909 1362 948 fauces:

317 967 389 1005 Hic
421 967 530 1005 locus
562 973 622 1006 est
654 968 797 1017 gemini
828 968 942 1005 ianua
975 972 1080 1005 vasta
1110 968 1252 1005 maris,

317 1025 449 1076 Haec,
481 1037 622 1076 precor
642 1057 652 1076 ‚
686 1027 836 1063 evincat
854 1056 864 1076 ,
896 1024 1159 1075 propulsaque
1191 1023 1358 1063 fortibus
1390 1026 1532 1064 austris

318 1083 507 1121 Transeat
538 1083 729 1121 instabilis
761 1090 920 1121 strenua
953 1083 1123 1133 Cyaneas

252 1148 295 1180 35
316 1140 612 1192 Thyniacosque
645 1143 753 1179 sinus
773 1172 784 1193 ‚
825 1147 863 1179 et
901 1140 946 1179 ab
979 1141 1039 1179 his
1071 1153 1141 1192 per
1173 1140 1361 1191 Apollinis
1394 1140 1532 1180 urbem

317 1200 411 1237 Arta
443 1198 515 1237 sub
547 1199 722 1237 Anchiali
753 1200 905 1237 moenia
937 1198 1071 1237 tendat
1100 1200 1198 1237 iter.

316 1256 409 1295 Inde
442 1256 743 1296 Mesembriacos
774 1263 912 1307 portus
944 1262 982 1294 et
1015 1256 1191 1295 Odesson
1223 1262 1263 1295 et
1293 1268 1404 1296 arces

316 1314 542 1353 Praetereat
573 1315 694 1353 dictas
726 1316 882 1353 nomine
901 1346 911 1366 ‚
942 1314 1093 1353 Bacche
1112 1346 1123 1366 ,
1154 1321 1246 1362 tun,

318 1371 368 1410 Et
399 1384 497 1423 quos
529 1372 704 1411 Alcathoi
735 1379 953 1411 memorant
983 1385 1004 1410 e
1036 1372 1242 1411 moenibus
1274 1377 1381 1412 ortos

252 1438 298 1469 40
320 1429 487 1469 Sedibus
518 1430 578 1468 his
609 1431 796 1482 profugos
829 1432 1080 1469 constituisse
1109 1430 1254 1469 larem.

317 1489 348 1526 A
374 1488 516 1539 quibus
548 1488 725 1527 adveniat
755 1488 926 1527 Miletida
958 1500 1092 1539 sospes
1124 1487 1171 1527 ad
1203 1488 1364 1540 urbem,

319 1545 467 1585 Offensi
500 1559 575 1597 quo
609 1559 668 1585 me
701 1547 840 1586 detulit
870 1548 927 1585 ira
958 1546 1043 1585 dei.

317 1603 422 1642 Haec
455 1605 488 1642 si
519 1606 783 1656 contigerint,
816 1606 976 1643 meritae
1009 1603 1121 1643 cadet
1151 1616 1248 1655 agna
1278 1604 1498 1644 Minervae:

316 1661 402 1699 Non
434 1662 526 1700 facit
557 1663 603 1700 ad
636 1669 790 1701 nostras
821 1663 947 1701 hostia
978 1664 1101 1700 maior
1132 1674 1226 1712 opes
1245 1691 1255 1702 ο

252 1727 297 1758 45
324 1718 398 1757 Vos
435 1731 619 1770 quoque,
663 1719 934 1771 Tyndaridae,
982 1731 1079 1770 quos
1115 1720 1211 1758 haec
1249 1719 1342 1759 colit
1383 1721 1533 1773 insula,

1159 1778 1324 1832 fratres,

318 1834 411 1873 Mite
443 1846 584 1886 precor
616 1834 760 1885 duplici
791 1847 937 1873 numen
969 1835 1105 1874 adesse
1136 1835 1242 1875 viae!

320 1893 452 1931 Altera
483 1905 651 1943 namque
683 1898 793 1943 parat
826 1892 1098 1944 Symplegadas
1129 1895 1187 1932 ire
1217 1905 1289 1945 per
1320 1900 1447 1948 artas,

322 1950 510 1989 Scindere
541 1950 734 1990 Bistonias
767 1950 885 1989 altera
915 1953 1057 2002 puppis
1089 1963 1218 2002 aquas.

320 2008 396 2047 Vos
430 2009 544 2047 facite
563 2040 575 2061 ‚
605 2015 649 2047 ut
681 2014 845 2061 ventos,
878 2009 960 2047 loca
993 2021 1081 2048 cum
1113 2009 1264 2049 diversa
1295 2015 1497 2064 petamus,

255 2074 299 2106 50
319 2066 387 2105 Illa
418 2078 510 2107 suos
542 2066 711 2120 habeat,
743 2079 815 2106 nec
847 2069 976 2106 minus
1007 2067 1070 2106 illa
1103 2079 1205 2107 suos.
