1570 2527
189 125 272 167 298
728 124 980 157 FASTORUM

217 244 283 274 490
364 234 528 284 Omnia,
561 234 635 271 iam
668 232 801 283 vigiles
833 233 1057 271 conticuere
1089 244 1228 271 canes:

304 293 387 331 Alta
419 293 520 330 iacet
551 292 648 329 vasti
680 302 798 342 super
830 303 897 328 ora
929 290 1131 341 Typhoeos
1163 291 1307 342 Aetne,

364 350 483 388 Cuius
516 349 703 388 anhelatis
735 348 890 400 ignibus
922 349 1032 387 ardet
1061 348 1227 400 humus;

304 408 385 446 lllic
417 407 594 446 accendit
625 409 798 458 geminas
829 419 900 458 pro
933 407 1106 457 lampade
1139 408 1277 457 pinus.

362 466 461 505 Hinc
494 466 647 505 Cereris
680 467 801 504 sacris
834 477 938 504 nunc
971 477 1125 516 quoque
1158 464 1268 503 taeda
1299 464 1436 503 datur.

217 534 283 565 495
304 525 373 563 Est
405 537 545 576 specus
578 526 685 563 exesi
716 529 913 562 structura
945 524 1111 574 pumicis
1143 534 1279 575 asper,

363 583 448 621 Non
481 583 628 621 homini
660 584 796 634 regio,
829 594 906 620 non
939 581 1114 620 adeunda
1146 581 1273 621 ferae:

306 642 390 687 Quo
424 641 539 680 simul
571 653 614 680 ac
647 642 753 679 venit
771 672 781 692 ‚
813 641 985 679 frenatos
1018 639 1200 679 curribus
1232 651 1378 691 angues

364 700 493 751 Iungit
511 730 521 751 ,
555 705 593 738 et
625 711 836 750 aequoreas
869 701 970 738 sicca
1002 703 1179 750 pererrat
1210 710 1351 749 aquas.

305 758 451 808 Effugit
483 764 522 797 et
555 757 689 809 Syrtes
722 763 760 796 et
792 763 858 809 te,
891 757 1076 796 Zanclaea
1108 756 1344 808 Charybdis,

218 825 284 856 500
363 816 412 855 Et
444 829 540 869 vos,
572 816 729 867 Nisaei,
762 816 947 867 naufraga
978 822 1179 867 monstra,
1213 827 1351 867 canes,

304 875 617 925 Hadriacumque
650 880 786 925 patens
818 874 921 925 late,
954 874 1219 924 bimaremque
1253 872 1485 912 Corinthon:

364 932 427 972 Sic
459 935 563 972 venit
595 934 641 971 ad
674 938 840 984 portus,
873 933 998 971 Attica
1030 937 1134 970 terra
1153 963 1163 983 ‚
1196 938 1307 970 tuos.

304 991 376 1030 Hic
408 993 578 1042 primum
611 991 712 1030 sedit
742 990 868 1041 gelido
902 992 1157 1029 maestissima
1189 1002 1302 1028 saxo:

364 1049 461 1088 Illud
494 1049 730 1100 Cecropidae
762 1061 866 1087 nunc
899 1061 1054 1099 quoque
1087 1049 1198 1086 triste
1230 1053 1389 1087 vocant.

218 1116 283 1147 505
307 1108 386 1146 Sub
419 1107 506 1147 Iove
540 1108 693 1146 duravit
725 1107 857 1145 multis
889 1108 1036 1145 inmota
1067 1106 1227 1153 diebus,

364 1165 412 1204 Et
444 1166 557 1204 lunae
590 1167 740 1216 patiens
773 1171 811 1204 et
842 1164 1020 1215 pluvialis
1053 1176 1197 1215 aquae.

305 1224 401 1262 Fors
435 1236 503 1263 sua
536 1225 678 1274 cuique
711 1224 794 1262 loco
828 1229 914 1262 est.
972 1235 1048 1274 quo
1080 1235 1185 1261 nunc
1218 1221 1377 1261 Cerialis

1030 1280 1188 1320 Eleusin

363 1340 543 1392 Dicitur,
575 1340 648 1379 hoc
681 1340 786 1378 Celei
819 1351 908 1378 rura
941 1340 1050 1378 fuere
1084 1340 1209 1377 senis.

304 1399 370 1437 Ille
404 1399 562 1437 domum
595 1398 753 1450 glandes
785 1409 1026 1448 excussaque
1060 1409 1166 1436 mora
1198 1397 1348 1436 rubetis

218 1466 284 1497 510
365 1457 525 1505 Portat,
559 1464 597 1496 et
629 1458 776 1495 arsuris
809 1456 915 1495 arida
945 1456 1048 1506 ligna
1080 1456 1198 1494 focis.

308 1515 401 1554 Filia
433 1527 549 1567 parva
582 1516 676 1554 duas
709 1515 909 1566 redigebat
940 1527 1037 1565 rupe
1070 1513 1258 1565 capellas,

365 1574 414 1613 Et
446 1580 557 1613 tener
589 1575 629 1612 in
662 1575 773 1612 cunis
807 1574 908 1612 filius
941 1585 1056 1624 aeger
1089 1578 1194 1611 erat.

308 1630 450 1671 ‘Mater
469 1630 497 1671 1’
532 1633 584 1671 ait
609 1634 716 1683 virgo
744 1653 789 1659 —
816 1637 915 1670 mota
949 1637 1007 1670 est
1038 1631 1108 1669 dea
1140 1632 1295 1669 nomine
1322 1631 1458 1669 matris
1479 1651 1521 1657 —

368 1688 491 1736 ‘Quid
524 1691 618 1729 facis
650 1693 690 1729 in
723 1690 814 1729 solis
847 1691 1070 1729 incomitata
1102 1686 1252 1728 locis?'

221 1758 287 1788 515
309 1749 468 1787 Restitit
500 1755 538 1787 et
570 1750 700 1787 senior
719 1779 729 1799 ,
762 1750 937 1799 quamvis
969 1760 1068 1786 onus
1100 1753 1244 1799 urget,
1277 1753 1316 1786 et
1347 1754 1453 1798 orat,

368 1807 485 1845 Tecta
519 1819 610 1845 suae
644 1806 781 1845 subeat
813 1806 1166 1857 quantulacumque
1199 1817 1331 1843 casae.

308 1865 374 1903 Illa
406 1870 550 1916 negat.
608 1864 809 1910 simularat
840 1877 984 1915 anum,
1018 1865 1210 1914 mitraque
1243 1862 1400 1914 capillos

367 1923 598 1962 Presserat.
655 1924 815 1961 instanti
847 1923 935 1961 talia
967 1922 1069 1960 dicta
1101 1923 1246 1961 refert:

311 1978 476 2032 eSospes
503 1993 568 2020 eas
585 2013 595 2033 ,
628 1993 860 2032 semperque
887 1979 1055 2032 parens!
1087 1980 1181 2019 mihi
1207 1980 1283 2018 filia
1308 1985 1417 2031 rapta
1443 1985 1525 2018 est.

223 2049 289 2079 520
370 2039 483 2078 Heu!
515 2040 652 2078 melior
686 2045 830 2090 quanto
864 2052 949 2078 sors
981 2044 1047 2077 tua
1079 2044 1185 2077 sorte
1216 2050 1302 2077 mea
1334 2034 1437 2076 est.'

311 2098 444 2149 Dixit,
476 2104 516 2137 et
547 2103 590 2137 ut
621 2098 802 2136 lacrimae
833 2119 880 2125 —
911 2109 1039 2148 neque
1073 2099 1175 2135 enim
1207 2096 1410 2135 lacrimare

1037 2155 1200 2194 deorum
1232 2159 1291 2193 est
1323 2175 1365 2182 -

369 2214 520 2253 Decidit
550 2216 591 2253 in
624 2214 776 2265 tepidos
808 2214 934 2252 lucida
966 2219 1073 2264 gutta
1105 2215 1237 2251 sinus.

312 2272 424 2311 Flent
454 2274 601 2323 pariter
633 2272 769 2311 molles
801 2274 939 2310 animis
971 2274 1156 2322 virgoque
1189 2283 1410 2323 senexque3

369 2329 399 2368 E
433 2330 576 2381 quibus
607 2330 703 2370 haec
736 2332 829 2369 iusti
860 2330 978 2369 verba
1010 2330 1119 2368 suere
1153 2331 1280 2368 senis:
