1570 2527
577 120 604 152 1.
631 128 708 153 vm
730 121 853 153 1—70.
1306 119 1389 161 139

102 235 146 267 35
165 227 279 267 Nunc
304 227 410 279 fora,
436 239 541 266 nunc
568 227 706 279 aedes,
733 240 839 267 nunc
865 239 1059 267 marmore
1086 233 1189 267 tecta
1214 228 1389 281 theatra,

224 285 337 325 Nunc
369 285 476 325 subit
507 291 669 337 aequata
700 288 877 337 porticus
910 288 1037 326 omnis
1068 287 1211 326 humo.

166 345 348 384 Gramina
381 357 486 384 nunc
519 344 653 395 Campi
688 345 874 396 pulchros
912 347 1124 397 spectantis
1156 347 1197 385 in
1228 345 1388 398 hortos,

227 402 448 455 Stagnaque
482 409 521 442 et
553 405 709 456 euripi,
741 403 1028 455 Virgineusque
1061 404 1211 456 liquor.

166 462 242 514 At,
274 467 400 514 puto,
434 463 490 501 sic
522 461 638 501 Urbis
670 463 813 501 misero
847 469 907 502 est
938 469 1072 514 erepta
1104 463 1307 516 voluptas,

101 528 146 560 40
225 520 409 566 Quolibet
441 526 484 560 ut
516 521 654 560 saltem
685 533 778 560 rure
810 522 888 560 frui
920 520 1069 561 liceat?

166 579 253 618 Non
284 591 395 618 meus
427 581 591 619 amissos
623 581 775 619 animus
808 579 1005 619 desiderat
1036 592 1178 633 agros,

225 638 410 690 Ruraque
442 638 624 690 Paeligno
657 639 933 690 conspicienda
965 639 1073 691 solo,

166 696 247 736 Nec
281 708 380 749 quos
411 698 591 748 piniferis
622 699 772 748 positos
803 699 843 736 in
877 697 1041 737 collibus
1076 697 1212 737 hortos
1335 706 1391 740 (29)

228 754 387 806 Spectat
417 755 629 794 Flaminiae
662 755 793 794 Clodia
824 757 957 795 iuncta
989 758 1095 809 viae,

101 822 145 854 45
168 813 274 860 Quos
308 826 379 865 ego
412 815 545 852 nescio
578 815 642 853 cui
674 814 807 867 colui,
839 814 982 865 quibus
1015 817 1098 866 ipse
1132 814 1303 854 solebam

225 871 282 911 Ad
315 878 396 912 sata
427 872 636 925 fontanas,
667 885 740 912 nec
772 873 922 925 pudet,
956 873 1098 912 addere
1131 886 1273 924 aquas:

167 930 269 970 Sunt
300 931 390 983 ubi,
417 932 450 970 si
476 933 632 984 vivunt,
659 936 793 970 nostra
819 943 977 983 quoque
1004 934 1153 971 consita
1181 932 1392 985 quaedam,

226 989 303 1029 Sed
335 1002 414 1029 non
446 995 485 1029 et
516 995 649 1029 nostra
681 1003 795 1041 poma
827 990 990 1042 legenda
1022 1003 1163 1030 manu.

166 1048 242 1087 Pro
275 1048 419 1100 quibus
451 1050 603 1088 amissis
636 1051 786 1088 utinam
818 1051 1046 1101 contingere
1079 1051 1204 1101 possit

103 1115 148 1147 50
225 1106 297 1146 Hic
330 1107 466 1147 saltem
497 1108 663 1159 profugo
696 1108 831 1159 glaeba
863 1108 1023 1148 colenda
1055 1108 1174 1148 mihi!

168 1166 255 1217 Ipse
289 1178 359 1217 ego
392 1166 600 1217 pendentis
619 1198 630 1218 ‚
663 1167 777 1206 liceat
808 1167 923 1206 modo
943 1199 954 1219 7
986 1179 1085 1219 rupe
1118 1167 1309 1221 capellas,

226 1224 313 1276 Ipse
346 1225 461 1264 velim
492 1225 632 1264 baculo
664 1237 826 1276 pascere
859 1227 974 1265 nixus
1006 1238 1120 1265 oves.

166 1283 254 1335 Ipse
286 1296 358 1335 ego
377 1314 388 1335 7
419 1295 469 1322 ne
502 1284 627 1323 solitis
659 1285 844 1323 insistant
874 1290 1035 1336 pectora
1067 1286 1197 1338 euris,

226 1342 372 1381 Ducam
404 1343 595 1382 ruricolas
628 1342 700 1382 sub
733 1345 822 1394 iuga
855 1355 974 1383 curva
1006 1342 1150 1397 boves,

103 1409 146 1441 55
167 1400 216 1440 Et
248 1401 394 1440 discam
428 1401 553 1441 Getici
587 1414 685 1453 quae
718 1407 866 1441 norunt
896 1401 1016 1441 verba
1047 1403 1226 1454 iuvenci,

225 1459 418 1499 Adsuetas
450 1460 526 1499 illis
559 1460 802 1511 adiciamque
834 1462 984 1500 minas,

167 1517 254 1570 Ipse
287 1530 404 1557 manu
438 1518 619 1570 capulum
651 1520 779 1570 pressi
810 1519 1036 1558 moderatus
1069 1521 1188 1559 aratri

225 1576 416 1628 Experiar
448 1582 552 1616 mota
584 1589 769 1629 spargere
803 1589 937 1617 semen
969 1578 1112 1617 humo.

166 1635 247 1674 Nec
280 1635 457 1675 dubitem
488 1636 614 1687 longis
646 1648 816 1688 purgare
848 1636 1046 1688 ligonibus
1078 1637 1244 1689 herbas,

104 1703 147 1735 60
226 1693 277 1733 Et
302 1694 394 1733 dare
420 1696 496 1733 iam
523 1696 659 1734 sitiens
687 1707 783 1746 quas
808 1695 917 1734 bibat
942 1695 1104 1748 hortus,
1131 1708 1274 1747 aquas.
1337 1718 1391 1723 -—

169 1752 278 1792 Unde
311 1752 379 1793 sed
411 1753 486 1793 hoc
518 1753 655 1806 nobis,
687 1756 892 1793 minimum
919 1766 1018 1806 quos
1044 1756 1149 1794 inter
1176 1761 1214 1794 et
1239 1755 1392 1794 hostem

224 1811 443 1851 Discrimen
474 1825 613 1852 murus
645 1812 854 1864 clausaque
886 1818 999 1864 porta
1030 1811 1158 1852 facit?

165 1870 215 1910 At
246 1870 318 1910 tibi
349 1873 556 1924 nascenti,
588 1871 692 1923 quod
725 1877 806 1911 toto
838 1877 1000 1923 pectore
1032 1871 1179 1924 laetor,

224 1928 378 1968 Nerunt
410 1930 543 1969 fatales
576 1930 691 1969 sortia
723 1930 785 1969 fila
818 1930 937 1970 deae.

103 1995 146 2027 65
167 1987 221 2026 Te
254 1987 368 2027 modo
408 2000 569 2040 campus
606 1988 723 2028 habet
742 2020 753 2041 ,
791 1989 913 2028 densa
949 1988 1065 2028 modo
1097 1990 1275 2040 porticus

896 2047 1060 2087 umbra:
1335 2057 1392 2088 (30)

224 2105 367 2158 Nunc,
399 2106 439 2144 in
473 2117 551 2157 quo
583 2107 698 2157 ponis
730 2111 908 2158 tempora
940 2118 1052 2159 rara,
1084 2106 1237 2145 forum.

165 2163 324 2203 Umbria
357 2176 463 2203 nunc
495 2171 681 2217 revocat,
715 2177 787 2204 nec
820 2177 898 2204 non
929 2164 1077 2203 Albana
1108 2170 1311 2216 potentem

225 2223 349 2274 Appia
380 2223 549 2262 ferventi
581 2223 690 2263 ducit
721 2225 761 2262 in
794 2235 884 2262 arva
915 2229 1024 2263 rota.

165 2280 346 2320 Forsitan
378 2281 442 2321 hic
475 2287 587 2333 optes
607 2314 616 2330 ,
649 2287 694 2321 ut
724 2283 868 2321 iustam
901 2284 1120 2334 supprimat
1151 2283 1250 2322 iram

103 2349 146 2379 70
226 2339 397 2393 Caesar,
430 2345 470 2379 et
502 2341 715 2392 hospitium
748 2342 799 2380 sit
831 2347 897 2381 tua
929 2341 1016 2380 villa
1049 2354 1204 2381 meum.
