1570 2527
553 154 616 186 111.
643 161 691 186 ΠΙ
711 155 871 187 46—1111
893 156 922 187 7.
1330 151 1412 192 175

188 263 295 302 Pone
329 268 457 301 metus
489 263 638 313 igitur:
683 263 862 301 mitescet
894 262 1069 301 Caesar1s
1102 263 1181 314 ira,

247 321 296 360 Et
327 323 457 359 veniet
489 323 588 359 votis
621 320 774 359 mollior
806 321 901 359 hora
935 323 1035 359 tuis.

124 388 167 421 85
188 380 292 419 Neve
331 391 479 418 moram
518 381 686 432 timeas,
724 386 909 431 tempus,
949 380 1051 430 quod
1093 380 1340 432 quaerimus,

917 440 1058 490 instat,

248 497 475 548 Cunctaque
508 497 677 536 laetitiae
710 497 822 548 plena
857 497 1078 547 triumphus
1110 496 1249 535 habet.

189 556 289 595 Dum
323 557 462 595 domus
495 562 533 595 et
566 557 673 603 nati,
707 557 797 595 dum
832 563 955 594 mater
988 555 1093 593 Livia
1126 555 1293 607 gaudet,
1356 562 1413 595 (88)

248 615 346 654 Dum
379 615 554 665 gaudes,
586 616 734 665 patriae
768 627 904 665 magne
938 614 1128 665 ducisque
1161 621 1294 664 pater:

188 675 292 713 Dum
326 673 401 712 sibi
432 680 608 724 gratatur
639 673 838 725 populus,
871 678 1070 724 totamque
1104 685 1175 723 per
1208 671 1352 710 Urbem

124 741 167 772 90
248 733 384 771 Omnis
417 732 588 770 odoratis
621 732 776 782 ignibus
809 744 874 770 ara
907 732 1028 783 calet,

190 791 289 830 Dum
323 791 456 829 faciles
489 791 617 829 aditus
648 790 811 841 praebet
844 790 1064 828 venerabile
1098 790 1310 841 templum,

249 849 494 901 Sperandum
529 855 588 887 est
620 855 773 888 nostras
806 861 921 899 posse
954 848 1081 886 valere
1115 861 1254 899 preces
1270 844 1293 886 .'

188 909 321 960 Dixit,
353 914 392 947 et
424 913 491 946 aut
521 907 585 945 ille
619 914 678 946 est.
710 914 849 946 tenues
882 907 1054 958 dilapsus
1086 908 1126 945 in
1160 919 1296 957 auras,

248 967 474 1018 Coeperunt
506 978 646 1005 sensus
680 972 746 1004 aut
779 965 936 1016 vigilare
970 967 1068 1004 mei.

125 1034 168 1066 95
191 1026 231 1065 Si
264 1026 438 1065 dubitem
458 1056 469 1077 ,
502 1026 630 1063 faveas
664 1026 757 1076 quin
792 1025 880 1075 his,
913 1037 934 1062 o
967 1024 1130 1062 Maxime
1150 1056 1161 1076 ,
1195 1024 1334 1075 dictis,

248 1085 469 1123 Memnonio
502 1096 645 1135 cycnos
678 1096 763 1122 esse
797 1083 926 1122 colore
959 1089 1114 1134 putem.

190 1143 265 1183 Sed
299 1155 427 1194 neque
459 1149 632 1181 mutatur
665 1144 774 1193 nigra
806 1144 891 1193 pice
924 1142 1073 1180 lacteus
1106 1153 1242 1193 umor,

248 1202 357 1253 Nec,
391 1201 494 1252 quod
528 1206 612 1239 erat
645 1200 844 1252 candens,
877 1201 919 1238 fit
951 1200 1199 1238 terebinthus
1233 1199 1353 1238 ebur.

190 1261 435 1300 Conveniens
467 1261 595 1298 animo
628 1271 752 1310 genus
785 1264 845 1298 est
876 1258 976 1297 tibi.
1033 1258 1162 1297 nobile
1195 1270 1362 1309 namque

103 1329 168 1360 100
247 1319 391 1358 Pectus
423 1325 462 1357 et
493 1318 709 1356 Herculeae
742 1318 1000 1369 simplicitatis
1033 1317 1175 1355 habes.

188 1378 333 1430 Livor,
366 1379 473 1416 iners
505 1379 642 1415 vitium
662 1408 671 1424 ‚
706 1389 834 1415 mores
867 1389 944 1414 non
979 1377 1057 1414 exit
1089 1377 1128 1414 in
1161 1375 1282 1428 altos,

248 1436 375 1487 thue
409 1436 533 1475 latens
566 1437 639 1473 ima
674 1437 804 1486 vipera
838 1436 961 1485 serpit
992 1434 1134 1473 humo.

190 1496 299 1534 Mens
332 1502 397 1533 tua
430 1494 608 1533 sublimis
641 1506 759 1544 supra
791 1506 916 1544 genus
948 1495 1094 1532 eminet
1124 1494 1276 1544 ipsum,

249 1553 443 1592 Grandius
475 1554 631 1603 ingenio
664 1565 737 1590 nec
769 1552 839 1591 tibi
874 1564 1015 1590 nomen
1048 1553 1173 1590 inest.

106 1622 170 1653 105
191 1613 293 1663 Ergo
328 1612 392 1650 alii
423 1618 591 1650 noceant
624 1612 806 1662 miseris,
839 1617 1053 1662 optentque
1088 1611 1240 1660 timeri,

250 1671 466 1721 Tinctaque
499 1670 671 1708 mordaci
704 1669 851 1721 spicula
885 1669 971 1707 felle
1005 1674 1165 1719 gerant.

190 1732 238 1770 At
270 1738 335 1769 tua
368 1728 610 1780 supplicibus
643 1728 781 1767 domus
814 1734 874 1767 est
906 1727 1066 1766 adsueta
1098 1726 1299 1779 iuvandis,

249 1788 291 1828 In
326 1799 493 1839 quorum
526 1799 690 1826 numero
723 1799 815 1839 me,
846 1798 1017 1838 precor,
1050 1797 1136 1824 esse
1168 1784 1285 1824 velis.

691 1917 800 1962 IIII.

190 2024 294 2063 Haec
326 2023 397 2063 tibi
429 2035 506 2061 non
538 2035 674 2061 vanam
706 2022 901 2073 portantia
933 2020 1050 2058 verba
1084 2019 1249 2058 salutem
1358 2026 1413 2059 (89)

250 2083 351 2121 Naso
384 2082 586 2120 Tomitana
617 2083 737 2120 mittit
769 2079 815 2118 ab
849 2078 945 2118 urbe
979 2084 1095 2129 tuus3

191 2142 320 2193 thue
353 2153 425 2181 suo
458 2141 585 2178 faveas
617 2140 802 2190 mandat,
835 2138 1003 2187 Rufine‚
1037 2136 1276 2187 Triumpho:

252 2200 294 2239 ln
326 2206 476 2239 vestras
508 2201 614 2237 venit
647 2200 679 2237 si
711 2205 840 2237 tamen
872 2196 935 2234 ille
969 2207 1129 2233 manus.

152 2268 171 2298 5
192 2259 263 2298 Est
294 2271 393 2310 opus
425 2260 609 2309 exiguum
643 2258 861 2306 vestrisque
894 2254 1094 2305 paratibus
1127 2255 1265 2304 inpar:

252 2317 372 2363 Quale
406 2322 535 2356 tamen
569 2328 737 2366 cumque
771 2320 860 2364 est,
892 2320 935 2352 ut
968 2320 1101 2352 tueare
1122 2343 1132 2361 ,
1165 2324 1281 2363 rogO.

192 2377 321 2415 Firma
347 2375 476 2414 valent
500 2387 572 2426 per
604 2387 668 2427 se,
702 2373 931 2423 nullumque
958 2371 1167 2411 Machaona
1195 2375 1411 2422 quaerunt.
