1570 2527
520 107 562 138 V.
589 114 665 139 vm
686 109 807 140 26—X
830 109 882 141 17.
1321 107 1377 148 95

151 214 237 253 Non
270 215 397 266 potuit
429 220 561 253 votum
595 214 750 265 plenius
783 227 868 254 esse
901 228 1055 254 meum.

152 273 256 312 Haec
287 285 398 312 meus
431 274 610 325 argutis,
643 274 675 312 si
709 279 750 312 tu
783 280 992 326 paterere,
1025 274 1164 313 libellis

152 332 322 371 Poneret
353 333 392 370 in
425 331 545 370 multa
578 331 666 371 luce
698 332 863 371 videnda
895 333 1026 385 lab0r3

88 398 132 430 25
152 391 265 430 Nunc
286 403 442 441 quoque
470 403 534 442 se,
556 392 733 442 quamvis
757 397 817 430 est
843 393 948 430 iussa
970 394 1195 445 quiescere,
1219 393 1312 444 quin
1341 399 1378 432 te

152 449 336 488 Nominet
368 451 563 501 invitum,
595 451 657 488 vix
691 462 775 488 mea
808 449 917 489 Musa
951 457 1080 490 tenet.

151 508 280 559 thue
314 520 449 547 canem
482 509 640 559 pavidae
674 515 833 548 nactum
866 510 1026 560 vestigia
1059 521 1195 549 cervae

153 566 379 606 Latrantem
414 567 560 606 frustra
593 567 730 619 copula
763 567 860 606 dura
893 574 1024 620 tenet3

152 625 281 677 thue
315 626 419 664 sores
453 625 627 665 nondum
660 628 825 665 reserati
858 628 1028 665 carceris
1061 639 1149 666 acer

87 692 130 723 30
152 684 264 723 Nunc
296 684 424 735 pede,
457 697 561 723 nunc
594 686 677 736 ipsa
710 686 838 723 fronte
872 685 1029 724 lacessit
1061 698 1213 737 equus,

154 743 218 781 Sic
250 755 335 781 mea
366 742 450 793 lege
484 742 570 781 data
605 745 731 782 vincta
764 750 879 794 atque
913 744 1064 783 inclusa
1096 745 1229 783 Thalia

151 801 227 840 Per
258 800 416 840 titulum
449 803 559 839 vetiti
590 803 760 840 nominis
791 803 849 840 ire
883 803 1019 853 cupit.

152 860 208 899 Ne
241 865 372 899 tamen
405 859 532 898 officio
566 862 750 898 memoris
782 860 949 898 laedaris
983 862 1119 913 amici,

152 918 303 958 Parebo
336 920 454 957 iussis
481 939 537 946 —
563 930 680 970 parce
716 921 855 958 timere
883 940 937 946 ———
965 921 1066 959 tuis.

87 985 131 1017 35
152 979 201 1016 At
232 989 310 1016 non
341 989 521 1028 parerem
541 1009 551 1029 ,
584 979 617 1016 si
649 990 727 1016 non
761 979 984 1017 meminisse
1018 984 1202 1029 putares.

152 1036 235 1075 Hoc
268 1036 371 1087 quod
405 1048 483 1075 non
515 1036 698 1087 prohibet
730 1049 802 1075 vox
835 1043 900 1076 tua
920 1069 930 1088 ‚
963 1043 1097 1088 gratus
1132 1049 1224 1076 ero.

152 1095 331 1146 Dumque
355 1116 404 1122 —
427 1095 530 1146 quod
558 1107 579 1133 0
605 1095 723 1134 breve
751 1094 822 1134 sit!
842 1096 1048 1135 —lumen
1075 1096 1190 1135 vitale
1218 1095 1356 1136 videbo

155 1154 308 1193 Serviet
341 1154 469 1193 officio
504 1155 666 1205 spiritus
698 1155 772 1193 iste
805 1160 897 1193 tuo.

1371 1129 1381 1149 7

679 1283 733 1331 X.

153 1388 204 1428 Ut
235 1400 371 1428 sumus
403 1391 443 1428 in
476 1389 600 1428 Ponto
620 1420 631 1441 ‚
664 1395 725 1428 ter
760 1389 904 1440 frigore
938 1391 1115 1429 constitit
1147 1389 1303 1442 Hister,

153 1447 268 1486 Facta
302 1454 361 1487 est
392 1447 534 1486 Euxini
567 1448 664 1486 dura
696 1454 757 1486 ter
790 1448 892 1486 unda
926 1450 1067 1487 maris.

153 1507 201 1545 At
233 1506 328 1544 mihi
359 1508 435 1545 iam
467 1506 602 1545 videor
633 1508 760 1557 patria
792 1506 932 1558 procul
964 1519 1050 1546 esse
1083 1513 1141 1546 tot
1173 1509 1309 1560 annis,

154 1565 330 1604 Dardana
364 1570 459 1616 quot
492 1564 606 1603 Graio
641 1565 757 1603 Troia
790 1565 862 1604 sub
894 1565 1007 1605 hoste
1041 1566 1136 1605 suit.

112 1632 133 1663 5
155 1624 266 1663 Stare
299 1630 444 1675 putes,
477 1623 572 1662 adeo
606 1624 826 1675 procedunt
858 1630 1035 1676 tempora
1069 1625 1202 1677 tarde,

153 1682 202 1721 Et
233 1684 385 1734 peragit
418 1682 533 1721 lentis
566 1682 745 1733 passibus
778 1695 904 1722 annus
937 1685 1036 1722 iter.

153 1741 234 1780 Nec
266 1741 361 1780 mihi
393 1741 602 1780 solstitium
637 1743 848 1793 quicquam
881 1741 928 1780 de
962 1742 1144 1782 noctibus
1178 1743 1329 1795 aufert,

153 1800 285 1839 Efficit
316 1806 503 1851 angustos
536 1812 609 1839 nec
642 1800 736 1854 mihi
769 1800 908 1839 bruma
941 1801 1048 1840 dies.

155 1859 314 1898 Scilicet
345 1861 385 1898 in
418 1859 531 1898 nohis
563 1871 697 1898 rerum
731 1866 869 1898 natura
903 1866 1040 1899 novata
1072 1866 1158 1913 est,

90 1926 132 1957 10
155 1917 330 1969 Cumque
364 1920 461 1957 meis
493 1920 600 1970 curis
633 1920 760 1957 omnia
793 1918 906 1969 longa
940 1919 1054 1958 facit.

153 1978 211 2014 An
244 1982 436 2028 peragunt
468 1977 603 2016 solitos
636 1979 859 2016 communia
892 1983 1070 2028 tempora
1102 1982 1255 2028 motus,

156 2035 334 2087 Suntque
367 2037 488 2086 magis
521 2037 621 2075 vitae
653 2042 830 2087 tempora
864 2036 961 2074 dura
993 2047 1126 2086 meae,

155 2095 280 2140 Quem
313 2100 421 2133 tenet
452 2094 595 2133 Euxini
627 2095 792 2133 mendax
825 2096 1057 2146 cognomine
1089 2093 1207 2146 litus,

153 2152 202 2192 Et
236 2153 407 2204 Scythici
440 2166 531 2192 vere
563 2159 668 2193 terra
702 2155 861 2192 sinistra
894 2151 1020 2192 freti?

90 2219 132 2251 15
153 2211 386 2251 Innumerae
420 2214 524 2251 circa
557 2220 693 2264 gentes
727 2212 806 2251 sera
841 2211 940 2250 bella
973 2213 1196 2264 minantur,

156 2271 263 2316 Quae
296 2270 369 2309 sibi
402 2283 479 2310 non
513 2278 624 2322 rapto
658 2273 787 2310 vivere
820 2276 937 2322 turpe
969 2276 1131 2322 putant.

152 2329 214 2368 Nil
246 2336 355 2368 extra
387 2335 517 2369 tutum
550 2336 639 2370 est:
672 2329 849 2369 tumulus
881 2329 1106 2369 defenditur
1138 2330 1221 2380 ipse
