1570 2527
617 111 678 142 VI.
704 111 901 143 252-325.
1344 106 1427 148 341

205 220 308 266 Quid
339 220 482 258 mirum
502 250 514 270 ,
546 220 654 269 virgo
688 220 720 256 si
752 219 902 268 virgine
934 217 1033 256 laeta
1066 219 1244 256 ministra

117 288 185 319 290
264 278 445 317 Admittit
477 283 603 316 castas
635 277 681 315 ad
715 289 784 315 sua
817 289 927 315 sacra
960 274 1132 315 manus?

204 337 284 376 Nec
310 342 355 376 tu
382 336 485 376 aliud
512 336 689 387 Vestam,
718 348 832 387 quam
860 337 983 374 vivam
1009 335 1190 385 intellege
1217 335 1429 385 ssammam3

264 395 441 446 Nataque
475 396 521 433 de
555 395 708 433 flamma
741 406 906 445 corpora
937 394 1042 432 nulla
1074 394 1200 432 vides.
1250 387 1251 390 ¹

206 454 297 494 Iure
328 456 449 505 igitur
481 455 590 504 virgo
624 459 683 492 est
701 484 712 505 ⁷
745 465 843 504 quae
877 454 1024 491 semina
1056 452 1160 491 nulla
1193 453 1358 491 remittit

264 513 345 552 Nec
379 514 511 564 capit,
548 518 586 551 et
618 514 781 550 comites
814 513 1047 561 virginitatis
1079 511 1217 550 hahet.

119 581 185 612 295
206 572 304 611 Esse
337 571 403 610 diu
437 571 581 610 stultus
613 570 751 609 Vestae
785 571 991 609 simulacra
1022 572 1177 622 putavi,

265 630 354 669 Mox
387 630 505 669 didici
537 642 657 669 curvo
690 629 795 667 nulla
828 628 990 668 subesse
1023 629 1129 667 tholo
1151 659 1159 667 .

204 689 310 741 Ignis
342 691 582 728 inextinctus
615 688 759 739 templo
793 688 942 726 celatur
973 690 1013 726 in
1044 688 1132 726 illo.

266 748 446 798 Effigiem
478 747 624 786 nullam
656 746 771 785 Vesta
804 759 875 785 nec
908 748 1009 797 ignis
1041 746 1180 785 habet.

209 807 293 846 Stat
323 809 361 845 vi
393 814 498 845 terra
531 818 629 845 sua:
672 807 707 844 vi
742 805 879 843 stando
914 805 1030 844 Vesta
1062 811 1246 856 vocatur3

119 874 187 905 300
268 865 470 916 Causaque
504 877 573 915 par
607 864 697 902 Grai
730 865 898 902 nominis
932 876 1018 902 esse
1050 870 1202 914 potest.

206 925 254 963 At
286 924 398 962 focus
431 936 450 961 a
482 924 647 961 flammis
680 928 719 961 et
751 922 855 973 quod
888 922 993 960 fovet
1024 924 1181 973 omnia,
1216 922 1367 973 dictus3

267 982 342 1028 Qui
374 988 505 1021 tamen
536 983 576 1020 in
609 983 746 1032 primis
779 980 940 1019 aedibus
972 986 1061 1019 ante
1094 982 1189 1019 fuit.

208 1041 307 1080 Hinc
335 1053 491 1092 quoque
519 1040 754 1079 vestibulum
775 1039 851 1078 dici
877 1052 991 1079 reor:
1023 1039 1112 1078 inde
1140 1039 1336 1090 precando
1358 1049 1432 1079 (204)

267 1100 496 1138 Praefamur
527 1098 682 1137 Vestam
701 1130 712 1150 ‚
746 1111 844 1149 quae
875 1098 960 1137 loca
991 1100 1117 1150 prima
1149 1104 1278 1137 tenet.

122 1167 190 1199 305
211 1161 310 1198 Ante
343 1159 451 1197 socos
483 1157 576 1196 olim
609 1159 778 1196 scamnis
811 1158 1015 1196 considere
1048 1157 1173 1208 longis

266 1218 350 1256 Mos
383 1223 495 1268 erat,
527 1223 566 1255 et
598 1228 755 1255 mensae
788 1216 951 1254 credere
984 1216 1119 1254 adesse
1153 1216 1275 1255 deos.

208 1276 321 1316 Nunc
355 1288 511 1327 quoque
531 1307 541 1327 ‚
574 1288 663 1314 cum
696 1276 794 1313 fiunt
827 1277 1008 1325 antiquae
1041 1287 1150 1313 sacra
1182 1274 1384 1326 Vacunae,

268 1337 367 1374 Ante
401 1334 616 1373 Vacunales
649 1340 831 1385 stantque
864 1333 1080 1384 sedentque
1114 1334 1243 1373 socos.

212 1393 326 1433 Venit
357 1396 398 1432 in
430 1394 501 1432 hos
534 1405 656 1432 annos
689 1393 833 1443 aliquid
868 1393 915 1431 de
948 1405 1056 1431 more
1090 1398 1268 1432 vetusto:

122 1461 189 1493 310
268 1452 363 1492 Fert
394 1454 535 1490 missos
568 1451 706 1491 Vestae
739 1464 837 1503 pura
868 1451 1008 1502 patella
1042 1451 1172 1490 cibos.

209 1511 312 1551 Ecce
346 1513 544 1550 coronatis
575 1513 686 1562 panis
719 1511 913 1561 dependet
945 1510 1097 1561 asellis,

271 1570 321 1610 Et
352 1570 481 1609 velant
513 1570 670 1609 scabras
702 1569 838 1608 florida
870 1576 974 1607 serta
1007 1569 1150 1607 molas.

212 1629 300 1669 Sola
332 1631 442 1681 prius
475 1629 601 1667 furnis
632 1628 836 1667 torrebant
869 1629 970 1666 farra
1003 1627 1153 1679 coloni,

269 1688 320 1727 Et
350 1688 554 1726 Fornacali
585 1694 678 1726 sunt
710 1700 779 1726 sua
812 1699 919 1725 sacra
953 1687 1071 1725 deae:

122 1755 190 1786 315
213 1747 470 1798 Suppositum
501 1748 624 1785 cineri
655 1759 796 1798 panem
829 1746 939 1784 focus
974 1748 1057 1797 ipse
1090 1744 1252 1796 parabat

272 1806 479 1857 Strataque
511 1818 577 1844 era
609 1806 740 1857 tepido
774 1805 902 1856 tegula
936 1816 1077 1855 quassa
1111 1804 1216 1843 solo.

210 1864 305 1903 Inde
337 1864 468 1903 focum
501 1870 630 1903 servat
660 1866 786 1915 pistor
817 1864 1092 1914 dominamque
1126 1864 1305 1901 focorum

269 1922 321 1961 Et
352 1935 451 1974 quae
483 1925 683 1974 pumiceas
714 1929 844 1961 versat
876 1922 990 1960 asella
1023 1921 1168 1959 molas.

211 1981 460 2020 Praeteream
480 2013 490 2031 ‚
523 1982 741 2019 referamne
775 1987 916 2031 tuum,
948 1979 1167 2019 rubicunde
1201 1978 1363 2031 Priape,

123 2048 192 2079 320
271 2039 451 2078 Dedecus
470 2037 492 2078 ⁵?
535 2045 596 2078 est
627 2039 739 2078 multi
770 2038 899 2077 fabula
931 2051 1048 2090 parva
1079 2040 1178 2077 ioci.

211 2098 424 2148 Turrigera
456 2099 625 2137 frontem
658 2097 799 2150 Cybele
832 2098 1012 2136 redimita
1044 2109 1189 2136 corona

272 2157 467 2196 Convocat
499 2164 680 2196 aeternos
713 2157 759 2195 ad
792 2169 862 2196 sua
894 2157 992 2195 festa
1024 2156 1140 2195 deos.

213 2216 409 2255 Convocat
441 2223 480 2255 et
511 2223 663 2267 satyros
697 2222 735 2254 et
752 2247 763 2268 7
796 2217 943 2254 rustica
975 2217 1134 2253 numina
1153 2246 1164 2266 ‚
1197 2214 1410 2267 nymphas3

273 2274 457 2328 Silenus,
491 2276 666 2326 quamvis
699 2287 815 2313 nemo
846 2281 1032 2326 vocarat,
1065 2273 1197 2312 adest.

123 2341 191 2372 325
211 2332 292 2373 Nec
315 2333 408 2373 licet
433 2340 472 2373 et
502 2334 662 2385 longum
690 2339 750 2372 est
782 2333 916 2385 epulas
942 2345 1102 2372 narrare
1135 2332 1323 2372 deorum.
1363 2339 1436 2373 (205)
