1570 2527
592 149 654 182 IV.
679 157 712 182 11
732 152 875 183 30-111
893 151 948 183 49.
1357 150 1439 191 189

217 257 284 296 1116
317 269 419 309 eg0‚
452 258 521 308 qui
550 259 701 308 primus
733 263 800 296 tua
832 259 933 297 seria
965 270 1082 297 nosse
1114 257 1286 297 solebam

275 315 326 354 Et
356 315 428 354 tibi
458 316 641 354 iucundis
673 317 824 367 primus
857 316 994 356 adesse
1025 318 1145 357 iocis:

154 382 195 412 15
216 374 283 413 Ille
316 386 387 425 ego
421 375 621 413 convictor
653 374 853 426 densoque
885 375 1124 415 domesticus
1156 388 1255 427 usu,

274 432 342 471 Ille
375 444 445 483 ego
477 433 633 472 iudiciis
666 435 780 472 unica
811 433 921 472 Musa
953 433 1054 473 tuis!

216 491 283 530 Ille
316 503 386 542 ego
420 503 506 530 sum
526 523 537 543 ,
570 493 637 543 qui
668 503 773 531 nunc
807 504 854 531 an
886 494 1010 531 vivam
1029 523 1040 545 ‚
1072 493 1253 546 perfide,
1285 494 1438 545 nescis,

276 549 377 589 Cura
409 549 481 589 tibi
513 550 560 589 de
593 563 670 602 quo
704 563 893 601 quaerere
926 551 1031 590 nulla
1063 552 1157 590 fuit.

218 608 306 647 Sive
339 609 395 647 fui
426 621 640 660 numquam
672 621 785 648 carus
805 641 816 661 ‚
849 610 1052 649 simulasse
1085 611 1243 649 fateris:

152 674 196 706 20
277 666 356 706 Seu
387 679 467 706 11011
499 667 701 720 fingebas,
733 670 933 707 inveniere
966 668 1084 708 levis.

215 725 291 764 Aut
322 738 422 777 age,
454 726 516 765 dic
548 726 745 779 aliquam,
779 739 876 778 quae
910 734 947 766 te
981 728 1219 779 mutaverit,
1250 728 1372 766 iram:

274 783 370 823 Nam
402 786 478 823 nisi
509 786 609 823 iusta
642 791 708 823 tua
742 791 801 823 est
818 816 829 836 ,
861 787 961 824 iusta
995 785 1168 837 querella
1200 797 1285 824 mea
1317 791 1398 824 est.

215 842 328 888 Quod
359 848 397 881 te
424 855 529 881 nunc
561 845 711 881 crimen
743 843 910 882 similem
937 850 1040 882 vetat
1066 856 1152 883 esse
1184 841 1343 895 priori?
1363 852 1437 884 (110)

272 902 331 940 An
364 902 543 953 crimen,
577 903 689 952 coepi
721 902 825 952 quod
856 903 976 940 miser
1009 914 1125 954 esse,
1158 900 1307 941 vocas?

148 967 192 997 25
215 959 256 998 Si
286 959 382 998 mihi
413 959 532 999 rebus
565 972 678 1011 opem
710 960 855 999 nullam
889 960 1080 1011 factisque
1111 960 1291 1013 ferebas,

272 1017 451 1057 Venisset
481 1018 611 1057 verbis
643 1018 776 1057 charta
809 1025 940 1058 notata
971 1019 1122 1059 tribus.

213 1076 283 1116 Vix
315 1077 496 1128 equidem
529 1077 647 1116 credo
666 1109 677 1129 ‚
710 1078 778 1117 sed
811 1083 850 1116 et
881 1077 1070 1117 insultare
1102 1079 1247 1117 iacenti

272 1135 327 1174 Te
359 1135 484 1188 mihi,
517 1148 589 1175 nec
621 1135 751 1175 verbis
784 1148 946 1187 parcere
979 1137 1080 1176 fama
1112 1137 1258 1176 refert.

214 1193 315 1239 Quid
347 1194 442 1233 facis
461 1226 472 1246 ‚
503 1193 553 1233 a!
598 1195 757 1233 demens
777 1193 798 1234 ἵ)
842 1207 942 1247 cur,
975 1197 1005 1234 si
1040 1196 1195 1235 fortuna
1227 1195 1411 1247 recedat,

149 1261 192 1291 30
272 1252 482 1304 Naufragio
515 1253 694 1292 lacrimas
728 1255 848 1304 eripis
880 1255 964 1305 ipse
997 1252 1100 1293 tuo?

213 1310 317 1350 Haec
350 1311 421 1350 dea
452 1323 531 1350 non
564 1311 720 1363 stabili,
754 1324 869 1363 quam
902 1314 952 1351 sit
984 1312 1106 1365 levis,
1139 1312 1234 1351 orbe
1267 1313 1435 1364 fatetur,

271 1370 398 1416 Quem
430 1382 626 1409 summum
659 1370 777 1409 dubio
810 1370 883 1409 sub
915 1371 1013 1421 pede
1047 1383 1204 1423 semper
1236 1371 1375 1410 habet.

213 1428 398 1474 Quolibet
429 1435 489 1467 est
520 1429 611 1467 folio
631 1460 642 1481 ‚
676 1430 810 1480 quavis
842 1430 1032 1468 incertior
1063 1442 1181 1470 aura:

270 1487 346 1526 Par
375 1487 433 1526 illi
463 1487 598 1526 levitas
617 1518 628 1539 ‚
660 1487 838 1539 improbe
857 1519 867 1539 ‚
899 1487 981 1526 sola
1015 1495 1080 1527 tua
1113 1494 1195 1527 est.

148 1554 191 1584 35
213 1544 351 1585 Omnia
383 1551 475 1584 sunt
505 1545 709 1584 hominum
741 1547 852 1585 tenui
882 1547 1093 1597 pendentia
1124 1546 1214 1599 filo,

270 1603 319 1643 Et
351 1603 480 1643 subito
514 1616 607 1643 casu
639 1617 739 1655 quae
770 1604 956 1657 valuere,
988 1610 1133 1644 ruunt.

213 1662 349 1702 Divitis
381 1663 511 1702 audita
543 1668 604 1702 est
635 1665 700 1702 cui
731 1675 809 1702 non
842 1663 1041 1714 opulentia
1073 1661 1242 1703 Croesi?

270 1721 418 1773 Nempe
450 1727 581 1760 tamen
613 1723 730 1760 vitam
763 1727 900 1773 captus
932 1721 978 1761 ab
1011 1722 1124 1761 hoste
1155 1722 1267 1762 tulit.

211 1780 277 1820 Ille
311 1780 515 1832 Syracosia
546 1780 660 1819 modo
692 1781 925 1820 formidatus
956 1782 997 1819 in
1029 1780 1127 1821 urbe

148 1846 191 1878 40
269 1838 341 1878 Vix
373 1838 511 1878 humili
543 1838 680 1878 duram
711 1839 885 1891 reppulit
916 1845 999 1878 arte
1031 1840 1197 1880 famem.

211 1898 312 1944 Quid
345 1898 473 1937 fuerat
504 1897 642 1948 Magno
675 1900 798 1936 maius
819 1896 840 1937 ἱ)
884 1903 1014 1937 tamen
1045 1898 1109 1937 ille
1141 1900 1292 1951 rogavit

270 1957 486 1995 Summissa
517 1956 671 2007 fugiens
704 1968 797 1995 voce
829 1957 984 1995 clientis
1016 1969 1154 2008 opem.

211 2015 361 2066 Cuique
392 2016 475 2053 viro
507 2020 614 2053 totus
646 2021 843 2054 terrarum
873 2017 1004 2066 paruit
1036 2015 1167 2067 orbis,

271 2072 448 2124 [Indigus
480 2074 643 2112 effectus
676 2073 858 2112 omnibus
889 2075 972 2124 ipse
1005 2075 1128 2125 magis
1142 2073 1169 2124 .]

145 2139 190 2171 45
210 2132 277 2171 1116
309 2131 541 2183 Iugurthino
574 2131 702 2171 clarus
734 2131 972 2183 Cimbroque
1004 2132 1229 2185 triumpho,
1357 2141 1432 2173 (111)

269 2190 354 2236 Quo
385 2192 527 2229 victrix
560 2192 703 2230 totiens
736 2190 896 2230 consule
928 2190 1051 2229 Roma
1083 2191 1180 2243 fuit,

209 2248 253 2288 In
285 2261 405 2288 caeno
436 2248 583 2288 Marius
613 2251 734 2289 iacuit
765 2261 966 2300 cannaque
998 2249 1189 2301 palustri,

266 2307 434 2347 Pertulit
465 2313 505 2346 et
535 2313 642 2347 tanto
675 2307 797 2347 multa
827 2307 1009 2359 pudenda
1041 2309 1148 2347 viro.

208 2365 326 2406 Ludit
354 2367 396 2405 in
427 2366 608 2406 humanis
640 2366 768 2405 divina
799 2367 973 2418 potentia
1004 2366 1146 2416 rebus,
