1570 2527
214 114 234 154 1
245 113 296 154 12
807 114 950 147 1131D1s

327 223 404 262 Aut
434 228 478 261 ut
509 222 706 261 Atarnites
725 251 736 272 ,
767 222 922 260 insutus
954 221 1054 273 pelle
1086 223 1242 261 iuvenci

240 288 307 321 320
386 281 571 331 Turpiter
604 279 648 318 ad
682 279 883 318 dominum
914 280 1057 330 praeda
1088 280 1214 319 ferare
1246 285 1381 321 tuum.

327 339 449 390 Inque
481 344 548 377 tuo
580 337 747 376 thalamo
780 339 858 377 ritu
890 338 1066 389 iugulere
1099 338 1287 391 Pheraei,

387 397 463 442 Qui
494 396 606 435 datus
639 402 698 435 est
729 396 804 434 leto
838 398 1015 447 coniugis
1050 408 1142 435 ense
1175 409 1291 437 suae.

328 455 512 505 Quosque
545 459 658 505 putas
691 454 818 505 fidOS,
851 461 894 493 ut
925 454 1130 493 Larisaeus
1162 454 1302 495 Aleuas

239 522 307 553 324
384 512 554 551 Vulnere
586 524 664 551 non
696 513 793 551 fidos
826 514 1027 562 experiare
1061 519 1156 551 tuo.

240 593 293 599 —
326 571 453 622 thue
479 571 568 609 Milo
587 602 598 623 ,
630 570 703 609 sub
731 583 807 621 quo
840 572 1011 609 cruciata
1044 576 1105 609 est
1130 570 1220 609 Pisa
1251 576 1439 624 tyrannO,

384 629 501 668 Vivus
533 631 574 667 in
606 628 778 667 occultas
809 630 1081 680 praecipiteris
1113 641 1256 680 aquas,

327 688 512 739 Quaeque
543 689 584 726 in
615 687 877 737 Aphidantum
908 687 1112 738 Phylaceia
1142 699 1262 738 regna
1293 693 1492 728 tenentem

384 746 415 784 A
447 746 535 785 Iove
566 751 787 797 venerunt,
820 751 857 784 te
891 757 1046 797 quoque
1078 745 1153 784 tela
1184 751 1342 796 petant.

237 826 293 832 —-
325 805 402 844 Aut
433 810 477 843 ut
507 804 759 843 Amastriacis
792 804 985 854 quondam
1017 803 1194 842 Lenaeus
1225 804 1272 842 ab
1304 805 1409 856 oris,

239 871 306 903 330
384 862 521 901 Nudus
552 861 722 900 Achillea
755 862 981 901 destituaris
1014 862 1156 900 humo.

324 920 452 972 thue
484 920 544 959 vel
570 920 809 971 Eurydamas
842 926 902 958 ter
935 922 1084 958 circum
1115 919 1229 958 busta
1254 919 1447 972 Thrasylli
1487 929 1542 963 (16)

384 979 455 1018 Est
486 979 678 1017 Larisaeis
710 983 845 1028 raptus
878 978 924 1016 ab
956 978 1067 1016 hoste
1100 979 1222 1030 rotis,

325 1036 393 1076 Vel
425 1038 520 1088 qui,
554 1048 652 1087 quae
685 1036 812 1075 fuerat
843 1041 992 1075 tutatus
1025 1038 1178 1075 moenia
1210 1048 1348 1089 saepe,

385 1095 556 1146 Corpore
588 1095 768 1133 lustravit
798 1106 876 1133 non
908 1094 1092 1133 diuturna
1124 1106 1220 1145 suo,

238 1162 304 1193 335
326 1153 453 1204 thue
485 1165 629 1192 novum
661 1165 773 1204 passa
805 1165 928 1204 genus
960 1152 1266 1203 Hippomeneide
1298 1165 1447 1204 poenae

383 1212 548 1250 Tractus
580 1213 620 1250 in
653 1212 793 1250 Actaea
825 1212 950 1250 fertur
982 1211 1135 1249 adulter
1166 1211 1309 1263 humo,

326 1270 389 1308 Sic
409 1301 420 1321 ,
451 1269 518 1308 ubi
550 1271 626 1308 vita
658 1274 746 1308 tuos
778 1271 901 1307 invisa
932 1269 1136 1319 reliquerit
1168 1275 1299 1321 artus,

383 1328 537 1367 Ultores
570 1329 721 1378 rapiant
752 1333 867 1378 turpe
900 1327 1062 1365 cadaver
1094 1328 1206 1377 equi.

324 1386 481 1425 Viscera
514 1387 570 1424 sic
603 1386 741 1436 aliquis
775 1385 959 1436 scopulus
992 1391 1057 1424 tua
1088 1386 1208 1437 figat,
1240 1390 1285 1424 ut
1315 1385 1407 1424 olim

236 1453 303 1484 340
383 1445 475 1483 Fixa
508 1444 579 1483 sub
612 1443 786 1482 Euboico
819 1443 932 1482 Graia
964 1443 1073 1482 fuere
1106 1444 1218 1495 sinu3

324 1503 450 1554 thue
483 1503 591 1542 ferox
622 1503 741 1553 periit
772 1507 811 1540 et
843 1502 1003 1540 fulmine
1036 1507 1075 1540 et
1106 1513 1276 1552 aequore
1307 1507 1462 1555 raptor,

383 1561 448 1599 Sic
481 1567 518 1600 te
550 1572 748 1599 mersuras
781 1560 936 1599 adiuvet
968 1561 1068 1611 ignis
1100 1572 1244 1610 aquaS.

323 1620 431 1658 Mens
464 1631 619 1670 quoque
653 1621 709 1657 sic
741 1619 854 1657 furiis
886 1630 1021 1657 vecors
1054 1619 1251 1671 agitetur,
1283 1623 1327 1657 ut
1356 1619 1436 1670 illi,

383 1677 508 1715 Unum
542 1679 610 1727 qui
640 1682 722 1715 toto
754 1689 918 1727 corpore
951 1676 1091 1715 vulnus
1123 1676 1262 1728 habet3

236 1744 302 1775 345
323 1735 450 1786 thue
482 1735 738 1785 Dryantiadae
770 1734 995 1785 Rhodopeia
1026 1746 1145 1784 regna
1177 1735 1350 1786 tenenti,

382 1793 424 1831 ln
457 1794 610 1843 gemino
644 1793 775 1843 dispar
807 1794 871 1831 cui
902 1792 1000 1842 pede
1034 1791 1162 1831 cultus
1193 1798 1300 1844 erat,

321 1850 372 1891 Ut
403 1852 477 1890 suit
508 1851 650 1890 Oetaeo
684 1849 880 1901 quondam
912 1862 1134 1901 generoque
1167 1850 1380 1890 draconum

381 1909 656 1959 Tisamenique
688 1910 790 1960 patri
823 1908 1112 1959 Callirhoesque
1144 1910 1249 1949 viro.

321 1967 402 2007 Nec
434 1967 506 2006 tibi
538 1969 735 2017 contingat
766 1972 941 2006 matrona
973 1967 1152 2017 pudicior
1183 1966 1270 2019 illa,

236 2034 303 2066 350
383 2025 465 2071 Qua
497 2027 626 2077 potuit
656 2024 810 2076 Tydeus
843 2025 1047 2063 erubuisse
1079 2037 1207 2064 nuru:

322 2084 506 2135 Quaeque
540 2085 602 2123 sui
632 2083 823 2122 Venerem
853 2084 980 2122 iunxit
1011 2095 1101 2122 cum
1132 2084 1252 2122 fratre
1284 2084 1436 2135 mariti,

382 2142 517 2181 Locris
549 2143 589 2180 in
621 2141 781 2181 ancillae
814 2141 1054 2180 dissimulata
1085 2153 1204 2180 nece.

324 2200 417 2239 Tam
451 2212 606 2251 quoque
625 2231 636 2252 ,
669 2200 707 2238 di
739 2200 909 2251 faciant,
940 2201 1066 2250 possis
1098 2199 1267 2250 gaudere
1300 2199 1403 2238 fideli
1484 2207 1537 2240 (ιτ)
1569 2215 1570 2218 “

382 2258 584 2310 Coniuge,
617 2270 733 2309 quam
765 2258 871 2297 Talai
901 2257 1172 2309 Tyndareique
1205 2269 1348 2308 gener:

235 2324 300 2356 355
323 2316 507 2367 Quaeque
540 2329 676 2368 parare
710 2318 790 2356 suis
822 2316 943 2356 letum
973 2315 1216 2367 patruelibus
1249 2328 1363 2355 ausae
