1570 2527
192 115 276 156 258
732 116 985 149 PASTORUM

368 224 446 262 Iam
478 225 570 262 satis
603 229 662 262 est
692 225 816 263 virtus
848 224 1088 265 dissimulata
1120 223 1231 265 diu.'

222 290 289 322 845
309 282 375 320 Illa
408 284 538 320 iacens
570 281 616 320 ad
649 282 766 320 verba
799 283 932 322 oculos
965 285 1047 322 sine
1079 284 1224 323 lumine
1256 286 1399 336 movit,

367 339 532 391 Visaque
565 352 753 379 concussa
787 341 888 379 dieta
919 341 1084 392 probare
1118 354 1250 381 coma.

308 398 451 437 Fertur
482 400 523 436 in
555 400 738 449 exequias
770 401 887 438 animi
918 405 1093 438 matrona
1124 401 1246 440 virilis

367 456 416 496 Et
448 469 581 496 secum
613 457 791 496 lacrimas
822 457 1083 508 invidiamque
1116 458 1258 497 trahit.

309 514 454 553 Volnus
486 517 600 553 inane
633 521 766 566 patet.
823 515 969 554 Brutus
1002 515 1169 555 elamore
1202 517 1374 562 Quirites

220 580 287 613 850
367 573 544 612 Concitat
562 605 573 625 ,
606 579 644 612 et
676 575 778 624 regis
811 574 910 612 saeta
942 574 1107 613 nefanda
1138 575 1282 614 refert.

307 631 544 682 Tarquinius
576 644 665 671 cum
696 632 805 683 prole
837 632 964 683 sugit.
1021 635 1123 684 capit
1153 645 1280 673 annua
1312 632 1447 672 consul

367 689 485 729 Iura:
530 690 612 729 dies
644 692 775 741 regnis
806 690 869 729 illa
903 702 1084 742 suprema
1116 691 1211 732 suit.

606 781 673 823 25.
705 779 790 823 HC
852 781 919 823 26.
953 780 990 822 A
1022 780 1118 823 EN

309 862 495 903 Fallimur
513 896 523 916 ,
556 877 603 903 an
634 867 738 903 veris
769 866 1001 915 praenuntia
1032 866 1138 904 venit
1168 864 1336 904 hirundo

365 922 414 961 Et
445 924 612 975 metuit,
643 935 691 961 ne
725 935 799 973 qua
831 935 941 961 versa
973 929 1152 962 recurrat
1183 923 1329 963 hiems.

219 987 285 1020 855
307 980 430 1031 Saepe
462 986 591 1019 tamen
611 1013 621 1033 ,
653 981 832 1032 Procne,
866 982 1028 1020 nimium
1053 994 1285 1033 properasse
1318 983 1519 1034 quereris,

367 1038 511 1090 Virque
543 1046 610 1078 tuo
644 1039 793 1078 Tereus
826 1040 970 1089 frigore
1003 1039 1127 1078 laetus
1160 1042 1257 1080 erit.

563 1130 631 1170 27.
662 1128 698 1169 B
731 1128 904 1177 EQ-N2
966 1130 1033 1171 28.
1067 1128 1140 1171 CC

307 1213 464 1263 Iamque
498 1212 595 1251 duae
628 1218 777 1251 restant
808 1218 942 1251 noctes
975 1213 1022 1251 de
1054 1225 1187 1252 mense
1220 1215 1415 1267 secundo,

365 1271 545 1321 Marsque
579 1272 676 1309 citos
708 1272 852 1310 iunctis
884 1271 1067 1310 curribus
1098 1278 1212 1323 urget
1245 1285 1388 1324 equos.

305 1329 362 1368 Ex
395 1341 486 1367 vero
518 1331 690 1379 positum
721 1330 935 1380 permansit
966 1329 1148 1380 Equirria
1179 1342 1346 1383 nomen,

220 1396 287 1427 860
368 1387 474 1433 Quae
507 1388 602 1426 deus
634 1389 673 1426 in
707 1386 848 1439 Campo
880 1389 1071 1439 prospicit
1101 1390 1184 1439 ipse
1217 1401 1309 1428 suo.

306 1446 394 1484 lure
428 1447 536 1484 venis
558 1477 568 1497 ,
600 1445 794 1485 Gradive:
837 1445 965 1485 locum
997 1452 1062 1485 tua
1094 1452 1270 1498 tempora
1300 1453 1490 1500 poscunt,

367 1504 628 1555 Signatusque
661 1510 727 1542 tuo
760 1505 916 1542 nomine
950 1506 1094 1543 mensis
1126 1504 1256 1545 adest.

307 1562 494 1601 Venimus
526 1564 565 1601 in
597 1568 784 1614 portum,
817 1562 915 1601 libro
949 1575 1038 1602 cum
1069 1575 1202 1602 mense
1233 1570 1414 1615 peracto.

364 1620 525 1672 Naviget
556 1620 647 1659 hino
679 1620 751 1659 alia
781 1622 858 1659 iam
890 1621 984 1660 mihi
1014 1621 1130 1661 linter
1162 1634 1281 1673 aqua.

603 1789 787 1843 LIBER
825 1789 1098 1844 TERTIUS.

306 1910 478 1963 Bellice‚
510 1910 697 1961 depositis
730 1910 854 1961 clipeo
887 1911 1084 1962 paulisper
1117 1917 1155 1950 et
1185 1911 1317 1963 hasta,

365 1968 496 2021 Mars,
528 1969 618 2008 ades
651 1976 690 2007 et
720 1969 862 2007 nitidas
895 1969 1043 2008 casside
1076 1969 1180 2008 solve
1212 1982 1363 2009 comas.

309 2026 486 2066 Forsitan
519 2028 603 2078 ipse
635 2039 778 2079 rogeS,
811 2027 903 2078 quid
937 2029 987 2066 sit
1018 2039 1107 2066 cum
1137 2027 1259 2067 Marte
1290 2026 1461 2079 poetae?

368 2085 398 2123 A
430 2091 468 2124 te
487 2116 497 2133 ,
531 2087 598 2136 qui
630 2087 811 2137 canitur,
843 2087 998 2124 nomina
1030 2087 1174 2124 mensis
1205 2086 1343 2126 habet.

267 2151 286 2182 5
307 2143 393 2195 Ipse
425 2144 532 2182 vides
563 2143 741 2183 manibus
773 2145 906 2195 peragi
937 2145 1016 2182 fera
1049 2143 1148 2182 bella
1179 2143 1395 2184 Minervae:

366 2201 467 2240 Num
500 2203 628 2240 minus
660 2203 840 2253 ingenuis
873 2202 1021 2241 artibus
1052 2201 1116 2240 illa
1147 2200 1289 2241 vacat?

309 2258 473 2298 Palladis
506 2259 680 2311 exemplo
712 2259 914 2311 ponendae
946 2266 1120 2311 tempora
1152 2272 1262 2299 sume

368 2318 574 2368 Cuspidis.
630 2319 804 2357 invenies
836 2325 875 2358 et
906 2318 1009 2369 quod
1040 2319 1201 2357 inermis
1232 2331 1343 2370 agas.
