1570 2527
625 97 690 132 111.
719 98 913 130 192—262.
1350 94 1434 135 265

214 204 482 256 Laudatasque
516 210 652 244 tenent
683 210 820 257 natas,
854 211 1045 256 scutoque
1078 210 1259 256 nepotem

273 264 365 303 Fert
397 275 517 303 avus.
574 263 637 302 hic
670 265 772 303 scuti
804 263 955 303 dulcior
988 275 1083 303 usus
1116 270 1221 302 erat.

214 322 307 361 Inde
340 322 441 361 diem
460 353 471 374 ‚
504 334 602 373 quae
634 324 743 374 priva
762 354 773 374 ‚
805 334 910 361 meas
943 322 1143 361 celebrare
1175 321 1366 361 Kalendas

128 389 194 420 230
275 380 456 420 Oebaliae
488 387 634 420 matres
666 393 744 419 non
776 380 859 420 leve
894 393 1036 420 munus
1067 380 1235 432 habent,

214 438 295 478 Hac
329 441 418 490 quia
451 440 642 479 committi
674 441 821 479 strictis
853 439 1109 478 mucronibus
1142 451 1257 478 ausae

273 498 474 537 Finierant
504 498 675 537 lacrimis
706 497 844 537 Martia
876 498 976 537 bella
1008 500 1111 537 suis.

218 555 302 606 [Vel
335 556 438 607 quod
472 564 556 595 erat
587 556 634 595 de
667 569 728 595 me
761 557 927 595 feliciter
960 556 1026 595 Illa
1061 563 1206 608 mater,

275 615 363 654 Rite
397 614 531 654 colunt
563 621 707 654 matres
740 627 849 654 sacra
882 615 1062 666 diemque
1095 627 1224 654 meum
1241 613 1266 664 .]

128 681 194 712 235
217 673 347 726 Quid,
380 674 485 725 quod
516 673 641 712 hiems
674 674 858 726 adoperta
890 674 979 725 gelu
1011 680 1105 712 tunc
1138 674 1306 724 denique

946 732 1072 784 cedit,

275 789 324 829 Et
354 793 527 841 pereunt*
554 792 677 830 victae
712 790 791 829 sole
825 796 981 842 tepente
1013 792 1146 842 nives;

216 848 432 887 Arboribus
463 849 632 888 redeunt
665 849 850 888 detonsae
882 850 1027 900 frigore
1061 849 1243 900 frondes,

274 906 474 958 Uvidaque
506 909 546 946 in
579 914 715 946 tenero
747 907 905 958 palmite
937 919 1088 958 gemma
1121 913 1268 946 tumet:

216 965 402 1016 Quaeque
435 966 501 1005 diu
533 966 674 1018 latuit,
705 977 811 1005 nunc
844 978 885 1004 se
918 978 994 1016 qua
1026 965 1134 1004 tollat
1166 967 1206 1004 in
1239 977 1378 1015 auras,

130 1032 196 1063 240
275 1023 432 1063 Fertilis
465 1024 637 1064 occultas
669 1026 818 1063 invenit
849 1024 970 1063 herba
1002 1026 1104 1063 vias.

217 1081 330 1121 Nunc
362 1083 554 1122 fecundus
581 1095 700 1135 ager,
732 1085 887 1134 pecoris
914 1095 1019 1122 nunc
1045 1082 1141 1121 hora
1173 1082 1354 1134 creandi,
1384 1090 1439 1122 (84)

277 1140 390 1180 Nunc
422 1143 502 1180 avis
533 1143 573 1180 in
606 1153 713 1180 ramo
746 1147 848 1180 tecta
879 1141 1080 1192 laremque
1112 1147 1244 1193 parat.

220 1199 413 1251 Tempora
445 1200 530 1239 iure
564 1200 698 1238 colunt
728 1199 858 1238 Latiae
891 1200 1057 1238 secunda
1089 1207 1295 1251 parentes,

278 1258 451 1303 Quarum
483 1258 660 1297 militiam
692 1264 857 1309 votaque
889 1264 1026 1309 partus
1056 1258 1195 1297 habet.

130 1324 196 1355 245
217 1316 324 1355 Adde
343 1348 354 1368 7
387 1317 520 1368 quod,
554 1316 738 1356 excubias
770 1316 837 1356 ubi
868 1329 937 1355 rex
970 1316 1170 1355 Romanus
1201 1316 1360 1369 agebat,

277 1374 352 1420 Qui
384 1388 488 1414 nunc
520 1375 714 1426 Esquilias
747 1377 903 1414 nomina
937 1375 1045 1414 collis
1078 1375 1216 1427 hahet,

218 1432 300 1472 Illic
332 1446 352 1472 a
384 1433 549 1473 nuribus
581 1433 722 1473 Iunoni
753 1434 896 1485 templa
928 1433 1075 1472 Latinis

278 1491 358 1531 Hac
390 1499 511 1544 sunt,
544 1494 577 1531 si
609 1494 797 1544 memini,
829 1492 985 1543 publica
1016 1493 1116 1531 sacta
1148 1492 1233 1531 die.

220 1549 321 1595 Quid
353 1562 486 1589 moror
517 1557 556 1590 et
588 1552 704 1590 variis
736 1563 856 1589 onero
890 1557 955 1590 tua
990 1557 1148 1602 pectora
1181 1549 1343 1590 causis?

133 1617 200 1648 250
280 1608 437 1648 Eminet
469 1615 557 1648 ante
590 1609 754 1661 oculos,
787 1609 890 1660 quod
923 1611 1053 1661 petis,
1087 1621 1178 1648 ecce
1210 1615 1322 1648 tuos.

219 1667 342 1706 Mater
374 1673 476 1707 amat
507 1674 672 1719 nuptas:
716 1674 879 1707 matrem
913 1680 997 1706 mea
1031 1668 1145 1707 turba
1177 1668 1421 1719 frequentat.

279 1725 382 1765 Haec
414 1739 486 1765 nos
517 1728 728 1778 praecipue
760 1732 838 1765 tam
870 1728 932 1778 pia
965 1739 1080 1765 causa
1112 1724 1270 1765 decet.'

218 1784 334 1824 Ferte
366 1784 460 1824 deae
493 1784 638 1824 flores!
684 1785 826 1836 gaudet
857 1784 1090 1824 florentibus
1122 1785 1255 1824 herbis

277 1843 381 1882 Haec
413 1844 506 1884 dea:
551 1843 598 1883 de
631 1849 767 1883 tenero
802 1845 944 1895 cingite
976 1844 1073 1883 ssore
1106 1849 1245 1895 caput:

131 1909 198 1941 255
219 1901 343 1941 Dicite
377 1899 441 1941 ‘tu
474 1901 587 1941 nobis
618 1902 775 1954 lucem,
807 1902 983 1954 Lucina,
1016 1899 1206 1941 dedistil'

278 1959 402 1999 Dicite
435 1957 501 2000 ‘tu
533 1966 622 2000 voto
653 1962 910 2012 parturientis
943 1960 1057 1999 ades!
1068 1957 1080 1974 '

221 2017 340 2069 Siqua
372 2024 502 2058 tamen
534 2019 690 2069 gravida
723 2024 810 2070 est,
842 2018 1016 2057 resoluto
1049 2019 1158 2057 crine
1189 2023 1399 2070 precetur,

278 2076 328 2115 Ut
359 2077 482 2116 solvat
512 2082 648 2129 partus
680 2077 849 2116 molliter
881 2077 944 2116 illa
976 2089 1092 2116 suos,

218 2134 314 2181 Quis
348 2135 441 2175 mihi
472 2148 577 2175 nunc
610 2136 742 2187 dicet,
775 2148 895 2187 quare
928 2135 1108 2175 caelestia
1140 2134 1274 2174 Martis

131 2201 198 2232 260
277 2195 393 2233 Arma
426 2195 552 2234 ferant
585 2194 706 2246 Salii,
737 2194 1050 2246 Mamuriumque
1084 2191 1258 2234 canant‘?

218 2251 393 2304 Nympha
412 2285 423 2305 ,
454 2265 598 2305 mone,
630 2252 790 2292 Nemori
829 2258 1043 2304 stagnoque
1082 2259 1240 2304 operata
1274 2251 1439 2305 Dianae3

277 2310 452 2363 Nympha
472 2343 482 2363 ,
513 2311 662 2351 Numae
695 2313 864 2351 coniunx
884 2343 894 2363 ‚
926 2311 973 2350 ad
1005 2318 1072 2351 tua
1104 2312 1203 2350 facta
1235 2312 1345 2350 veni.
