1570 2527
605 108 668 140 111.
699 108 893 140 120-191.
1069 154 1073 159 ἱ
1332 102 1418 145 263

199 218 284 257 Non
316 217 412 256 haec
443 216 507 255 ille
539 215 636 255 deus
668 221 876 266 tantaeque
909 214 1134 266 propaginis
1166 218 1302 251 auctor

258 275 432 315 Credidit
463 275 602 313 officiis
634 286 720 313 esse
752 275 903 312 minora
936 275 1042 325 suis,

199 335 522 385 Promissumque
555 333 630 372 sibi
662 332 784 371 voluit
815 343 1076 383 praenoscere
1109 329 1284 381 caelum,

116 402 180 434 160
258 393 339 432 Nec
371 393 468 432 deus
499 394 651 443 ignotas
683 391 827 443 hospes
860 392 960 429 inire
993 390 1152 429 domos.

200 452 267 491 Ille
299 464 428 491 moras
461 451 581 502 solis,
615 449 757 502 quibus
789 451 829 488 in
862 462 931 488 sua
962 451 1071 500 signa
1102 447 1273 498 rediret,

261 510 446 549 Traditur
479 511 625 548 exactis
657 509 899 560 disposuisse
931 509 1057 546 notis.

203 569 239 609 Is
271 569 401 608 decies
434 581 548 608 senos
582 574 803 607 tercentum
835 573 874 606 et
907 568 1079 618 quinque
1114 564 1252 604 diebus

261 627 420 680 Iunxit,
452 633 491 666 et
523 639 543 665 e
575 626 689 678 pleno
723 632 899 677 tempora
932 627 1067 676 quinta
1099 624 1183 663 die.

117 695 182 727 165
204 687 274 726 Hic
306 687 397 725 anni
428 686 567 725 modus
599 691 687 724 est:
731 686 771 723 in
804 684 972 723 lustrum
1005 682 1192 722 accedere
1226 681 1364 732 debet,

262 745 370 791 Quae
402 750 696 783 consummatur
728 742 934 794 partibus,
967 754 1044 781 una
1077 741 1182 780 dies.

525 836 559 876 1.
598 832 970 876 D-K-MAR-N2

205 917 268 959 <Si
299 919 391 959 licet
422 919 597 958 occultos
629 919 802 956 monitus
834 917 969 956 audire
1002 916 1167 955 deorum

262 977 452 1031 Vatibus,
485 984 528 1017 ut
560 983 667 1016 certe
700 977 799 1015 fama
832 976 950 1014 licere
983 981 1117 1027 putat,

206 1037 303 1076 Cum
336 1039 389 1076 sis
422 1037 589 1088 officiis,
623 1035 816 1085 Gradive,
849 1033 1028 1073 virilibus
1060 1040 1198 1085 aptus,

121 1105 187 1137 170
267 1095 336 1134 Dic
367 1095 492 1146 mihi,
524 1100 723 1133 matronae
756 1105 827 1132 cur
859 1099 925 1132 tua
957 1093 1056 1131 festa
1088 1088 1261 1131 colant.’

207 1154 271 1193 Sic
304 1166 405 1205 ego.
461 1155 516 1192 sic
548 1154 674 1204 posita
706 1152 804 1191 dixit
836 1151 930 1190 mihi
963 1150 1112 1190 casside
1145 1150 1321 1201 Mavors,

267 1212 341 1251 Sed
376 1218 504 1251 tamen
537 1213 577 1250 in
610 1211 746 1249 dextra
778 1209 935 1249 missilis
968 1210 1077 1248 hasta
1110 1210 1204 1248 fuit:

208 1269 340 1310 ‘Nunc
373 1272 544 1322 primum
577 1270 717 1309 studiis
749 1271 856 1320 pacis
877 1300 887 1320 ,
919 1268 1016 1306 deus
1048 1268 1155 1306 utilis
1189 1269 1328 1319 armis,

265 1330 443 1369 Advocor
462 1361 473 1381 ‚
505 1335 544 1368 et
575 1340 735 1380 gressus
767 1329 807 1366 in
840 1339 937 1365 nova
970 1333 1095 1365 castra
1129 1327 1234 1365 sero.

121 1398 187 1429 175
208 1389 288 1428 Nec
320 1390 427 1440 piget
457 1389 634 1438 incepti.
689 1388 795 1426 iuvat
825 1386 897 1424 hac
931 1397 1085 1436 quoque
1119 1390 1228 1436 parte
1262 1386 1429 1437 morari,

267 1447 349 1486 Hoc
382 1446 502 1486 solam
534 1458 583 1484 ne
616 1457 658 1484 se
690 1457 805 1496 posse
837 1444 1010 1482 Minerva
1043 1450 1177 1495 putet.

209 1506 321 1545 Disce
341 1538 352 1558 ‚
384 1505 613 1544 Latinorum
645 1510 751 1543 vates
784 1515 949 1554 operose
983 1502 1159 1555 dierum,

268 1564 380 1610 Quod
413 1565 544 1615 petis,
576 1569 616 1602 et
647 1563 811 1601 memori
844 1567 1002 1613 pectore
1036 1561 1138 1600 dicta
1171 1566 1284 1600 nota.

209 1624 331 1662 Parva
364 1623 466 1675 suit,
500 1623 532 1661 si
563 1623 688 1672 prima
720 1620 815 1659 velis
848 1619 1040 1659 elementa
1073 1621 1248 1671 referre,

124 1691 189 1723 180
269 1682 419 1720 Roma:
464 1681 532 1720 sed
564 1682 604 1719 in
636 1692 752 1731 parva
785 1691 874 1730 spes
907 1685 1036 1717 tamen
1069 1678 1186 1718 huius
1220 1684 1324 1718 erat.

210 1741 361 1780 Moenia
394 1742 469 1778 iam
501 1739 685 1790 stabant,
717 1738 871 1790 populis
904 1743 1067 1788 angusta
1100 1738 1267 1789 suturis,

270 1798 424 1839 Credita
458 1798 525 1838 sed
559 1797 696 1837 turbae
731 1803 823 1836 tunc
857 1797 972 1835 nimis
1006 1795 1130 1847 ampla
1163 1808 1278 1835 suae.

211 1858 318 1904 Quae
351 1858 470 1897 fuerit
502 1858 656 1908 nostri,
689 1858 721 1895 si
754 1857 940 1906 quaeris,
973 1856 1079 1907 regia
1112 1857 1215 1906 nati,

269 1917 410 1967 Aspice
443 1916 490 1955 de
523 1927 646 1954 canna
678 1914 1012 1964 straminibusque
1046 1913 1227 1952 domum.

127 1983 191 2015 185
212 1975 254 2013 ln
287 1974 429 2026 stipula
461 1974 601 2025 placidi
634 1973 819 2024 carpebat
850 1984 1013 2011 munera
1045 1973 1193 2022 somni,

272 2032 320 2072 Et
352 2039 480 2071 tamen
514 2044 559 2071 ex
592 2031 657 2071 illo
690 2033 795 2070 venit
825 2033 866 2069 in
898 2036 1001 2069 astra
1033 2038 1142 2068 tore.

214 2092 371 2143 lamque
403 2091 488 2130 loco
521 2091 644 2129 maius
677 2102 819 2128 nomen
852 2088 1050 2127 Romanus
1083 2087 1272 2140 habebat,

271 2150 350 2189 Nec
383 2151 551 2188 coniunx
584 2148 670 2201 illi,
702 2160 773 2187 nec
807 2160 920 2187 socer
951 2147 1054 2186 ullus
1088 2154 1192 2186 erat.

215 2207 462 2260 Spernehant
492 2219 659 2260 generos
692 2208 829 2258 inopes
862 2207 1003 2245 vicinia
1034 2206 1165 2258 dives,

128 2276 193 2308 190
273 2267 322 2306 Et
353 2267 450 2306 male
483 2266 671 2306 credebar
704 2267 904 2317 sanguinis
937 2270 1073 2304 auctor
1104 2276 1199 2315 ego.

214 2325 256 2364 ln
290 2324 452 2364 stabulis
484 2324 679 2365 habitasse
711 2331 752 2364 et
783 2336 874 2363 oves
906 2325 1058 2376 pavisse
1090 2323 1280 2374 nocebat,
