<?xml version="1.0" encoding="UTF-8"?>
<!DOCTYPE html PUBLIC "-//W3C//DTD XHTML 1.0 Transitional//EN"
    "http://www.w3.org/TR/xhtml1/DTD/xhtml1-transitional.dtd">
<html xmlns="http://www.w3.org/1999/xhtml" xml:lang="en" lang="en">
 <head>
  <title>
</title>
<meta http-equiv="Content-Type" content="text/html;charset=utf-8" />
  <meta name='ocr-system' content='tesseract 3.04.00' />
  <meta name='ocr-capabilities' content='ocr_page ocr_carea ocr_par ocr_line ocrx_word'/>
</head>
<body>
  <div class='ocr_page' id='page_1' title='image "./ovidopera03oviduoft_0194.png"; bbox 0 0 1570 2527; ppageno 0'>
   <div class='ocr_carea' id='block_1_1' title="bbox 149 115 935 157">
    <p class='ocr_par' dir='ltr' id='par_1_1' title="bbox 149 115 935 157">
     <span class='ocr_line' id='line_1_1' title="bbox 149 115 935 157; baseline -0.013 0"><span class='ocrx_word' id='word_1_1' title='bbox 149 115 232 157; x_wconf 87' lang='lat'>138</span> <span class='ocrx_word' id='word_1_2' title='bbox 691 117 755 149; x_wconf 82' lang='lat' dir='ltr'>EX</span> <span class='ocrx_word' id='word_1_3' title='bbox 779 115 935 148; x_wconf 77' lang='lat' dir='ltr'>PONTo</span> 
     </span>
    </p>
   </div>
   <div class='ocr_carea' id='block_1_2' title="bbox 750 245 876 294">
    <p class='ocr_par' dir='ltr' id='par_1_2' title="bbox 750 245 876 294">
     <span class='ocr_line' id='line_1_2' title="bbox 750 245 876 294; baseline 0.024 -3"><span class='ocrx_word' id='word_1_4' title='bbox 750 245 876 294; x_wconf 89' lang='lat' dir='ltr'><strong>VIII.</strong></span> 
     </span>
    </p>
   </div>
   <div class='ocr_carea' id='block_1_3' title="bbox 205 339 1489 2375">
    <p class='ocr_par' dir='ltr' id='par_1_3' title="bbox 205 339 1489 2375">
     <span class='ocr_line' id='line_1_3' title="bbox 264 339 1144 381; baseline -0.003 0"><span class='ocrx_word' id='word_1_5' title='bbox 264 343 295 381; x_wconf 89' lang='lat' dir='ltr'>A</span> <span class='ocrx_word' id='word_1_6' title='bbox 327 340 399 381; x_wconf 88' lang='lat' dir='ltr'>tibi</span> <span class='ocrx_word' id='word_1_7' title='bbox 431 340 573 380; x_wconf 89' lang='lat' dir='ltr'>dilecto</span> <span class='ocrx_word' id='word_1_8' title='bbox 604 341 763 379; x_wconf 87' lang='lat' dir='ltr'>missam</span> <span class='ocrx_word' id='word_1_9' title='bbox 794 340 947 379; x_wconf 81' lang='lat' dir='ltr'>Nasone</span> <span class='ocrx_word' id='word_1_10' title='bbox 981 339 1144 379; x_wconf 86' lang='lat' dir='ltr'>salutem</span> 
     </span>
     <span class='ocr_line' id='line_1_4' title="bbox 323 398 1364 451; baseline -0.001 -13"><span class='ocrx_word' id='word_1_11' title='bbox 323 400 465 450; x_wconf 81' lang='lat' dir='ltr'>Accipe</span> <span class='ocrx_word' id='word_1_12' title='bbox 484 429 495 451; x_wconf 85' lang='lat'>,</span> <span class='ocrx_word' id='word_1_13' title='bbox 526 410 617 450; x_wconf 89' lang='lat' dir='ltr'>pars</span> <span class='ocrx_word' id='word_1_14' title='bbox 649 400 797 438; x_wconf 89' lang='lat' dir='ltr'>animae</span> <span class='ocrx_word' id='word_1_15' title='bbox 829 411 995 450; x_wconf 85' lang='lat' dir='ltr'>magna,</span> <span class='ocrx_word' id='word_1_16' title='bbox 1029 398 1171 437; x_wconf 90' lang='lat' dir='ltr'>Severe</span> <span class='ocrx_word' id='word_1_17' title='bbox 1190 429 1200 449; x_wconf 89' lang='lat'>,</span> <span class='ocrx_word' id='word_1_18' title='bbox 1234 410 1364 437; x_wconf 87' lang='lat' dir='ltr'>meae.</span> 
     </span>
     <span class='ocr_line' id='line_1_5' title="bbox 264 455 1480 510; baseline -0.001 -14"><span class='ocrx_word' id='word_1_19' title='bbox 264 458 369 497; x_wconf 89' lang='lat' dir='ltr'>Neve</span> <span class='ocrx_word' id='word_1_20' title='bbox 401 469 520 510; x_wconf 83' lang='lat' dir='ltr'>roga,</span> <span class='ocrx_word' id='word_1_21' title='bbox 553 457 646 508; x_wconf 92' lang='lat' dir='ltr'>quid</span> <span class='ocrx_word' id='word_1_22' title='bbox 672 469 803 508; x_wconf 85' lang='lat' dir='ltr'>agam.</span> <span class='ocrx_word' id='word_1_23' title='bbox 855 459 887 495; x_wconf 90' lang='lat' dir='ltr'>si</span> <span class='ocrx_word' id='word_1_24' title='bbox 920 468 1135 508; x_wconf 88' lang='lat' dir='ltr'>persequar</span> <span class='ocrx_word' id='word_1_25' title='bbox 1160 458 1314 509; x_wconf 89' lang='lat' dir='ltr'>omnia,</span> <span class='ocrx_word' id='word_1_26' title='bbox 1347 455 1480 496; x_wconf 84' lang='lat' dir='ltr'>flebis:</span> 
     </span>
     <span class='ocr_line' id='line_1_6' title="bbox 325 514 1200 555; baseline -0.002 0"><span class='ocrx_word' id='word_1_27' title='bbox 325 516 483 555; x_wconf 88' lang='lat' dir='ltr'>Summa</span> <span class='ocrx_word' id='word_1_28' title='bbox 515 517 609 555; x_wconf 89' lang='lat' dir='ltr'>satis</span> <span class='ocrx_word' id='word_1_29' title='bbox 641 517 765 554; x_wconf 82' lang='lat' dir='ltr'><strong>nostri</strong></span> <span class='ocrx_word' id='word_1_30' title='bbox 797 516 831 554; x_wconf 91' lang='lat' dir='ltr'>si</span> <span class='ocrx_word' id='word_1_31' title='bbox 862 514 933 553; x_wconf 85' lang='lat' dir='ltr'>tibi</span> <span class='ocrx_word' id='word_1_32' title='bbox 965 521 1056 553; x_wconf 87' lang='lat' dir='ltr'>nota</span> <span class='ocrx_word' id='word_1_33' title='bbox 1089 514 1200 553; x_wconf 88' lang='lat' dir='ltr'>mali.</span> 
     </span>
     <span class='ocr_line' id='line_1_7' title="bbox 226 573 1233 625; baseline -0.003 -11"><span class='ocrx_word' id='word_1_34' title='bbox 226 582 246 614; x_wconf 91' lang='lat'>5</span> <span class='ocrx_word' id='word_1_35' title='bbox 265 573 438 614; x_wconf 86' lang='lat' dir='ltr'>Vivimus</span> <span class='ocrx_word' id='word_1_36' title='bbox 470 574 637 613; x_wconf 80' lang='lat' dir='ltr'>assiduis</span> <span class='ocrx_word' id='word_1_37' title='bbox 670 579 851 625; x_wconf 80' lang='lat' dir='ltr'>expertes</span> <span class='ocrx_word' id='word_1_38' title='bbox 882 575 989 624; x_wconf 87' lang='lat' dir='ltr'>pacis</span> <span class='ocrx_word' id='word_1_39' title='bbox 1021 574 1060 612; x_wconf 91' lang='lat' dir='ltr'>in</span> <span class='ocrx_word' id='word_1_40' title='bbox 1093 574 1233 625; x_wconf 89' lang='lat' dir='ltr'>armis,</span> 
     </span>
     <span class='ocr_line' id='line_1_8' title="bbox 324 631 1176 684; baseline -0.002 -12"><span class='ocrx_word' id='word_1_41' title='bbox 324 632 428 672; x_wconf 85' lang='lat' dir='ltr'>Dura</span> <span class='ocrx_word' id='word_1_42' title='bbox 460 632 683 684; x_wconf 89' lang='lat' dir='ltr'>pharetrato</span> <span class='ocrx_word' id='word_1_43' title='bbox 717 631 816 671; x_wconf 88' lang='lat' dir='ltr'>bella</span> <span class='ocrx_word' id='word_1_44' title='bbox 847 637 1028 670; x_wconf 89' lang='lat' dir='ltr'>movente</span> <span class='ocrx_word' id='word_1_45' title='bbox 1060 631 1176 670; x_wconf 88' lang='lat' dir='ltr'>Geta.</span> 
     </span>
     <span class='ocr_line' id='line_1_9' title="bbox 265 688 1337 743; baseline -0.002 -13"><span class='ocrx_word' id='word_1_46' title='bbox 265 691 400 742; x_wconf 87' lang='lat' dir='ltr'>Deque</span> <span class='ocrx_word' id='word_1_47' title='bbox 432 696 491 730; x_wconf 91' lang='lat' dir='ltr'>tot</span> <span class='ocrx_word' id='word_1_48' title='bbox 522 691 695 743; x_wconf 85' lang='lat' dir='ltr'>expulsis</span> <span class='ocrx_word' id='word_1_49' title='bbox 727 703 814 729; x_wconf 89' lang='lat' dir='ltr'>sum</span> <span class='ocrx_word' id='word_1_50' title='bbox 845 690 956 729; x_wconf 89' lang='lat' dir='ltr'>miles</span> <span class='ocrx_word' id='word_1_51' title='bbox 989 691 1029 728; x_wconf 90' lang='lat' dir='ltr'>in</span> <span class='ocrx_word' id='word_1_52' title='bbox 1063 689 1174 729; x_wconf 82' lang='lat' dir='ltr'>exule</span> <span class='ocrx_word' id='word_1_53' title='bbox 1207 688 1337 729; x_wconf 85' lang='lat' dir='ltr'>solus:</span> 
     </span>
     <span class='ocr_line' id='line_1_10' title="bbox 325 747 1289 803; baseline -0.002 -15"><span class='ocrx_word' id='word_1_54' title='bbox 325 749 455 803; x_wconf 87' lang='lat' dir='ltr'>Tuta,</span> <span class='ocrx_word' id='word_1_55' title='bbox 488 761 616 801; x_wconf 91' lang='lat' dir='ltr'>neque</span> <span class='ocrx_word' id='word_1_56' title='bbox 647 749 800 788; x_wconf 86' lang='lat' dir='ltr'>invideo</span> <span class='ocrx_word' id='word_1_57' title='bbox 819 780 830 801; x_wconf 85' lang='lat'>,</span> <span class='ocrx_word' id='word_1_58' title='bbox 863 754 993 788; x_wconf 86' lang='lat' dir='ltr'>cetera</span> <span class='ocrx_word' id='word_1_59' title='bbox 1026 747 1141 787; x_wconf 92' lang='lat' dir='ltr'>turba</span> <span class='ocrx_word' id='word_1_60' title='bbox 1173 747 1289 787; x_wconf 90' lang='lat' dir='ltr'>latet.</span> 
     </span>
     <span class='ocr_line' id='line_1_11' title="bbox 268 801 1313 859; baseline -0.003 -12"><span class='ocrx_word' id='word_1_61' title='bbox 268 808 430 859; x_wconf 88' lang='lat' dir='ltr'>Quoque</span> <span class='ocrx_word' id='word_1_62' title='bbox 464 810 586 859; x_wconf 85' lang='lat' dir='ltr'>magis</span> <span class='ocrx_word' id='word_1_63' title='bbox 617 814 773 847; x_wconf 90' lang='lat' dir='ltr'>nostros</span> <span class='ocrx_word' id='word_1_64' title='bbox 804 809 916 846; x_wconf 86' lang='lat' dir='ltr'>venia</span> <span class='ocrx_word' id='word_1_65' title='bbox 948 801 1107 858; x_wconf 82' lang='lat' dir='ltr'>dignere</span> <span class='ocrx_word' id='word_1_66' title='bbox 1140 805 1313 858; x_wconf 89' lang='lat' dir='ltr'>libellos,</span> 
     </span>
     <span class='ocr_line' id='line_1_12' title="bbox 205 864 1235 918; baseline -0.002 -13"><span class='ocrx_word' id='word_1_67' title='bbox 205 873 247 906; x_wconf 90' lang='lat'>10</span> <span class='ocrx_word' id='word_1_68' title='bbox 325 866 429 905; x_wconf 89' lang='lat' dir='ltr'>Haec</span> <span class='ocrx_word' id='word_1_69' title='bbox 462 868 502 905; x_wconf 89' lang='lat' dir='ltr'>in</span> <span class='ocrx_word' id='word_1_70' title='bbox 534 868 740 918; x_wconf 85' lang='lat' dir='ltr'>procinctu</span> <span class='ocrx_word' id='word_1_71' title='bbox 773 867 944 905; x_wconf 89' lang='lat' dir='ltr'>carmina</span> <span class='ocrx_word' id='word_1_72' title='bbox 976 865 1075 903; x_wconf 82' lang='lat' dir='ltr'>facta</span> <span class='ocrx_word' id='word_1_73' title='bbox 1107 864 1235 915; x_wconf 84' lang='lat' dir='ltr'>leges.</span> 
     </span>
     <span class='ocr_line' id='line_1_13' title="bbox 269 922 1367 976; baseline -0.003 -12"><span class='ocrx_word' id='word_1_74' title='bbox 269 924 352 964; x_wconf 88' lang='lat' dir='ltr'>Stat</span> <span class='ocrx_word' id='word_1_75' title='bbox 383 930 495 963; x_wconf 88' lang='lat' dir='ltr'>vetus</span> <span class='ocrx_word' id='word_1_76' title='bbox 526 924 651 976; x_wconf 89' lang='lat' dir='ltr'>urbs,</span> <span class='ocrx_word' id='word_1_77' title='bbox 684 926 791 975; x_wconf 84' lang='lat' dir='ltr'>ripae</span> <span class='ocrx_word' id='word_1_78' title='bbox 823 925 946 963; x_wconf 74' lang='lat' dir='ltr'>Vlcina</span> <span class='ocrx_word' id='word_1_79' title='bbox 979 923 1189 961; x_wconf 87' lang='lat' dir='ltr'>binominis</span> <span class='ocrx_word' id='word_1_80' title='bbox 1220 922 1367 975; x_wconf 86' lang='lat' dir='ltr'>Histri,</span> 
     </span>
     <span class='ocr_line' id='line_1_14' title="bbox 325 982 1191 1034; baseline -0.003 -12"><span class='ocrx_word' id='word_1_81' title='bbox 325 983 528 1022; x_wconf 87' lang='lat' dir='ltr'>Moenibus</span> <span class='ocrx_word' id='word_1_82' title='bbox 562 988 600 1022; x_wconf 88' lang='lat' dir='ltr'>et</span> <span class='ocrx_word' id='word_1_83' title='bbox 631 985 762 1034; x_wconf 88' lang='lat' dir='ltr'>positu</span> <span class='ocrx_word' id='word_1_84' title='bbox 793 984 855 1021; x_wconf 83' lang='lat' dir='ltr'>vix</span> <span class='ocrx_word' id='word_1_85' title='bbox 888 982 1062 1021; x_wconf 90' lang='lat' dir='ltr'>adeunda</span> <span class='ocrx_word' id='word_1_86' title='bbox 1096 982 1191 1020; x_wconf 90' lang='lat' dir='ltr'>loci.</span> 
     </span>
     <span class='ocr_line' id='line_1_15' title="bbox 270 1040 1245 1093; baseline -0.003 -12"><span class='ocrx_word' id='word_1_87' title='bbox 270 1041 429 1092; x_wconf 88' lang='lat' dir='ltr'>Caspios</span> <span class='ocrx_word' id='word_1_88' title='bbox 462 1042 653 1093; x_wconf 81' lang='lat' dir='ltr'>Aegisos,</span> <span class='ocrx_word' id='word_1_89' title='bbox 686 1041 733 1080; x_wconf 90' lang='lat' dir='ltr'>de</span> <span class='ocrx_word' id='word_1_90' title='bbox 765 1053 806 1080; x_wconf 90' lang='lat' dir='ltr'>se</span> <span class='ocrx_word' id='word_1_91' title='bbox 839 1042 873 1079; x_wconf 89' lang='lat' dir='ltr'>si</span> <span class='ocrx_word' id='word_1_92' title='bbox 899 1040 1094 1079; x_wconf 88' lang='lat' dir='ltr'>credimus</span> <span class='ocrx_word' id='word_1_93' title='bbox 1126 1041 1245 1091; x_wconf 88' lang='lat' dir='ltr'>ipsis,</span> 
     </span>
     <span class='ocr_line' id='line_1_16' title="bbox 327 1098 1268 1152; baseline -0.003 -14"><span class='ocrx_word' id='word_1_94' title='bbox 327 1100 536 1152; x_wconf 80' lang='lat' dir='ltr'>Condidit,</span> <span class='ocrx_word' id='word_1_95' title='bbox 570 1106 608 1139; x_wconf 89' lang='lat' dir='ltr'>et</span> <span class='ocrx_word' id='word_1_96' title='bbox 640 1101 798 1151; x_wconf 89' lang='lat' dir='ltr'>proprio</span> <span class='ocrx_word' id='word_1_97' title='bbox 831 1100 987 1137; x_wconf 88' lang='lat' dir='ltr'>nomine</span> <span class='ocrx_word' id='word_1_98' title='bbox 1020 1098 1116 1136; x_wconf 86' lang='lat' dir='ltr'>dixit</span> <span class='ocrx_word' id='word_1_99' title='bbox 1147 1110 1268 1149; x_wconf 90' lang='lat' dir='ltr'>opus.</span> 
     </span>
     <span class='ocr_line' id='line_1_17' title="bbox 206 1156 1368 1210; baseline -0.003 -13"><span class='ocrx_word' id='word_1_100' title='bbox 206 1166 248 1198; x_wconf 84' lang='lat'>15</span> <span class='ocrx_word' id='word_1_101' title='bbox 268 1158 375 1197; x_wconf 88' lang='lat' dir='ltr'>Hanc</span> <span class='ocrx_word' id='word_1_102' title='bbox 408 1159 544 1210; x_wconf 82' lang='lat' dir='ltr'>ferus,</span> <span class='ocrx_word' id='word_1_103' title='bbox 578 1158 753 1209; x_wconf 82' lang='lat' dir='ltr'>Odrysiis</span> <span class='ocrx_word' id='word_1_104' title='bbox 785 1159 944 1208; x_wconf 92' lang='lat' dir='ltr'>inopino</span> <span class='ocrx_word' id='word_1_105' title='bbox 976 1156 1097 1195; x_wconf 86' lang='lat' dir='ltr'>Marte</span> <span class='ocrx_word' id='word_1_106' title='bbox 1130 1157 1368 1208; x_wconf 85' lang='lat' dir='ltr'>peremptis,</span> 
     </span>
     <span class='ocr_line' id='line_1_18' title="bbox 328 1214 1275 1268; baseline -0.002 -13"><span class='ocrx_word' id='word_1_107' title='bbox 328 1216 467 1268; x_wconf 87' lang='lat' dir='ltr'>Cepit,</span> <span class='ocrx_word' id='word_1_108' title='bbox 501 1223 539 1256; x_wconf 89' lang='lat' dir='ltr'>et</span> <span class='ocrx_word' id='word_1_109' title='bbox 570 1218 609 1255; x_wconf 93' lang='lat' dir='ltr'>in</span> <span class='ocrx_word' id='word_1_110' title='bbox 641 1228 774 1266; x_wconf 84' lang='lat' dir='ltr'>regem</span> <span class='ocrx_word' id='word_1_111' title='bbox 807 1215 965 1255; x_wconf 87' lang='lat' dir='ltr'>sustulit</span> <span class='ocrx_word' id='word_1_112' title='bbox 998 1227 1103 1253; x_wconf 88' lang='lat' dir='ltr'>arma</span> <span class='ocrx_word' id='word_1_113' title='bbox 1135 1214 1275 1253; x_wconf 88' lang='lat' dir='ltr'>Getes.</span> 
     </span>
     <span class='ocr_line' id='line_1_19' title="bbox 267 1272 1375 1326; baseline -0.003 -12"><span class='ocrx_word' id='word_1_114' title='bbox 267 1275 334 1314; x_wconf 83' lang='lat' dir='ltr'>ille</span> <span class='ocrx_word' id='word_1_115' title='bbox 367 1287 517 1313; x_wconf 89' lang='lat' dir='ltr'>memor</span> <span class='ocrx_word' id='word_1_116' title='bbox 549 1276 676 1326; x_wconf 85' lang='lat' dir='ltr'>magni</span> <span class='ocrx_word' id='word_1_117' title='bbox 709 1276 863 1325; x_wconf 86' lang='lat' dir='ltr'>generis</span> <span class='ocrx_word' id='word_1_118' title='bbox 882 1305 892 1325; x_wconf 89' lang='lat'>,</span> <span class='ocrx_word' id='word_1_119' title='bbox 924 1274 1067 1312; x_wconf 79' lang='lat' dir='ltr'>virtute</span> <span class='ocrx_word' id='word_1_120' title='bbox 1100 1272 1203 1324; x_wconf 91' lang='lat' dir='ltr'>quod</span> <span class='ocrx_word' id='word_1_121' title='bbox 1236 1278 1375 1325; x_wconf 86' lang='lat' dir='ltr'>auget,</span> 
     </span>
     <span class='ocr_line' id='line_1_20' title="bbox 328 1331 1257 1372; baseline -0.003 0"><span class='ocrx_word' id='word_1_122' title='bbox 328 1333 514 1372; x_wconf 91' lang='lat' dir='ltr'>Protinus</span> <span class='ocrx_word' id='word_1_123' title='bbox 546 1335 753 1372; x_wconf 85' lang='lat' dir='ltr'>innumero</span> <span class='ocrx_word' id='word_1_124' title='bbox 786 1332 907 1371; x_wconf 89' lang='lat' dir='ltr'>milite</span> <span class='ocrx_word' id='word_1_125' title='bbox 941 1333 1093 1370; x_wconf 88' lang='lat' dir='ltr'>cinctus</span> <span class='ocrx_word' id='word_1_126' title='bbox 1127 1331 1257 1370; x_wconf 85' lang='lat' dir='ltr'>adest.</span> 
     </span>
     <span class='ocr_line' id='line_1_21' title="bbox 269 1390 1458 1443; baseline -0.003 -12"><span class='ocrx_word' id='word_1_127' title='bbox 269 1392 349 1431; x_wconf 87' lang='lat' dir='ltr'>Nec</span> <span class='ocrx_word' id='word_1_128' title='bbox 380 1393 492 1443; x_wconf 90' lang='lat' dir='ltr'>prius</span> <span class='ocrx_word' id='word_1_129' title='bbox 524 1391 741 1442; x_wconf 82' lang='lat' dir='ltr'>abscessit,</span> <span class='ocrx_word' id='word_1_130' title='bbox 780 1392 919 1430; x_wconf 90' lang='lat' dir='ltr'>merita</span> <span class='ocrx_word' id='word_1_131' title='bbox 952 1401 1066 1441; x_wconf 90' lang='lat' dir='ltr'>quam</span> <span class='ocrx_word' id='word_1_132' title='bbox 1099 1390 1215 1428; x_wconf 88' lang='lat' dir='ltr'>caede</span> <span class='ocrx_word' id='word_1_133' title='bbox 1248 1394 1458 1428; x_wconf 88' lang='lat' dir='ltr'>nocentum</span> 
     </span>
     <span class='ocr_line' id='line_1_22' title="bbox 269 1507 1489 1560; baseline -0.001 -13"><span class='ocrx_word' id='word_1_134' title='bbox 269 1509 319 1548; x_wconf 85' lang='lat' dir='ltr'>At</span> <span class='ocrx_word' id='word_1_135' title='bbox 350 1508 419 1547; x_wconf 91' lang='lat' dir='ltr'>tibi</span> <span class='ocrx_word' id='word_1_136' title='bbox 441 1540 451 1560; x_wconf 92' lang='lat'>,</span> <span class='ocrx_word' id='word_1_137' title='bbox 482 1520 553 1548; x_wconf 82' lang='lat' dir='ltr'>rex</span> <span class='ocrx_word' id='word_1_138' title='bbox 584 1520 706 1560; x_wconf 75' lang='lat' dir='ltr'>aem,</span> <span class='ocrx_word' id='word_1_139' title='bbox 739 1507 853 1547; x_wconf 87' lang='lat' dir='ltr'>detur</span> <span class='ocrx_word' id='word_1_140' title='bbox 873 1538 882 1556; x_wconf 87' lang='lat'>,</span> <span class='ocrx_word' id='word_1_141' title='bbox 916 1507 1126 1546; x_wconf 81' lang='lat' dir='ltr'>fortissime</span> <span class='ocrx_word' id='word_1_142' title='bbox 1159 1510 1318 1557; x_wconf 90' lang='lat' dir='ltr'>nostro,</span> <span class='ocrx_word' id='word_1_143' title='bbox 1433 1514 1489 1546; x_wconf 80' lang='lat'>(28)</span> 
     </span>
     <span class='ocr_line' id='line_1_23' title="bbox 330 1566 1238 1618; baseline -0.004 -12"><span class='ocrx_word' id='word_1_144' title='bbox 330 1566 493 1618; x_wconf 90' lang='lat' dir='ltr'>Semper</span> <span class='ocrx_word' id='word_1_145' title='bbox 523 1567 712 1606; x_wconf 90' lang='lat' dir='ltr'>honorata</span> <span class='ocrx_word' id='word_1_146' title='bbox 745 1571 898 1618; x_wconf 87' lang='lat' dir='ltr'>sceptra</span> <span class='ocrx_word' id='word_1_147' title='bbox 930 1571 1065 1604; x_wconf 90' lang='lat' dir='ltr'>tenere</span> <span class='ocrx_word' id='word_1_148' title='bbox 1099 1576 1238 1603; x_wconf 90' lang='lat' dir='ltr'>manu.</span> 
     </span>
     <span class='ocr_line' id='line_1_24' title="bbox 270 1621 1489 1678; baseline -0.002 -15"><span class='ocrx_word' id='word_1_149' title='bbox 270 1625 428 1678; x_wconf 90' lang='lat' dir='ltr'>Teque,</span> <span class='ocrx_word' id='word_1_150' title='bbox 456 1626 559 1677; x_wconf 90' lang='lat' dir='ltr'>quod</span> <span class='ocrx_word' id='word_1_151' title='bbox 586 1631 625 1664; x_wconf 93' lang='lat' dir='ltr'>et</span> <span class='ocrx_word' id='word_1_152' title='bbox 650 1630 805 1677; x_wconf 87' lang='lat' dir='ltr'>praesto</span> <span class='ocrx_word' id='word_1_153' title='bbox 833 1629 892 1663; x_wconf 90' lang='lat' dir='ltr'>est</span> <span class='ocrx_word' id='word_1_154' title='bbox 919 1646 963 1651; x_wconf 89' lang='lat'><em>-</em></span> <span class='ocrx_word' id='word_1_155' title='bbox 990 1623 1080 1675; x_wconf 89' lang='lat' dir='ltr'>quid</span> <span class='ocrx_word' id='word_1_156' title='bbox 1109 1624 1213 1661; x_wconf 89' lang='lat' dir='ltr'>enim</span> <span class='ocrx_word' id='word_1_157' title='bbox 1239 1621 1311 1661; x_wconf 86' lang='lat' dir='ltr'>tibi</span> <span class='ocrx_word' id='word_1_158' title='bbox 1336 1621 1489 1673; x_wconf 89' lang='lat' dir='ltr'>plenius</span> 
     </span>
     <span class='ocr_line' id='line_1_25' title="bbox 999 1679 1240 1732; baseline 0 -12"><span class='ocrx_word' id='word_1_159' title='bbox 999 1679 1164 1732; x_wconf 83' lang='lat' dir='ltr'>optem?</span> <span class='ocrx_word' id='word_1_160' title='bbox 1195 1702 1240 1708; x_wconf 93' lang='lat'>—-</span> 
     </span>
     <span class='ocr_line' id='line_1_26' title="bbox 330 1738 1301 1791; baseline -0.003 -11"><span class='ocrx_word' id='word_1_161' title='bbox 330 1741 466 1781; x_wconf 89' lang='lat' dir='ltr'>Martia</span> <span class='ocrx_word' id='word_1_162' title='bbox 499 1753 587 1780; x_wconf 89' lang='lat' dir='ltr'>cum</span> <span class='ocrx_word' id='word_1_163' title='bbox 619 1753 758 1791; x_wconf 85' lang='lat' dir='ltr'>magno</span> <span class='ocrx_word' id='word_1_164' title='bbox 791 1740 954 1779; x_wconf 83' lang='lat' dir='ltr'>Caesare</span> <span class='ocrx_word' id='word_1_165' title='bbox 987 1739 1107 1778; x_wconf 90' lang='lat' dir='ltr'>Roma</span> <span class='ocrx_word' id='word_1_166' title='bbox 1139 1738 1301 1789; x_wconf 90' lang='lat' dir='ltr'>probet.</span> 
     </span>
     <span class='ocr_line' id='line_1_27' title="bbox 208 1796 1461 1850; baseline -0.004 -10"><span class='ocrx_word' id='word_1_167' title='bbox 208 1808 252 1840; x_wconf 78' lang='lat'>25</span> <span class='ocrx_word' id='word_1_168' title='bbox 274 1800 349 1840; x_wconf 89' lang='lat' dir='ltr'>Sed</span> <span class='ocrx_word' id='word_1_169' title='bbox 381 1812 530 1839; x_wconf 89' lang='lat' dir='ltr'>memor</span> <span class='ocrx_word' id='word_1_170' title='bbox 561 1799 665 1838; x_wconf 88' lang='lat' dir='ltr'>uude</span> <span class='ocrx_word' id='word_1_171' title='bbox 697 1798 802 1850; x_wconf 88' lang='lat' dir='ltr'>abii,</span> <span class='ocrx_word' id='word_1_172' title='bbox 836 1810 1008 1849; x_wconf 89' lang='lat' dir='ltr'>queror,</span> <span class='ocrx_word' id='word_1_173' title='bbox 1041 1810 1062 1835; x_wconf 92' lang='lat' dir='ltr'>o</span> <span class='ocrx_word' id='word_1_174' title='bbox 1096 1797 1262 1836; x_wconf 88' lang='lat' dir='ltr'>iocunde</span> <span class='ocrx_word' id='word_1_175' title='bbox 1295 1796 1461 1848; x_wconf 88' lang='lat' dir='ltr'>sodalis,</span> 
     </span>
     <span class='ocr_line' id='line_1_28' title="bbox 331 1855 1287 1907; baseline -0.004 -10"><span class='ocrx_word' id='word_1_176' title='bbox 331 1858 529 1898; x_wconf 81' lang='lat' dir='ltr'>Accedant</span> <span class='ocrx_word' id='word_1_177' title='bbox 560 1858 704 1896; x_wconf 91' lang='lat' dir='ltr'>nostris</span> <span class='ocrx_word' id='word_1_178' title='bbox 738 1868 848 1895; x_wconf 87' lang='lat' dir='ltr'>saeva</span> <span class='ocrx_word' id='word_1_179' title='bbox 881 1856 982 1907; x_wconf 84' lang='lat' dir='ltr'>quod</span> <span class='ocrx_word' id='word_1_180' title='bbox 1017 1868 1122 1894; x_wconf 88' lang='lat' dir='ltr'>arma</span> <span class='ocrx_word' id='word_1_181' title='bbox 1154 1855 1287 1894; x_wconf 89' lang='lat' dir='ltr'>malis.</span> 
     </span>
     <span class='ocr_line' id='line_1_29' title="bbox 272 1914 1300 1968; baseline -0.005 -12"><span class='ocrx_word' id='word_1_182' title='bbox 272 1916 323 1956; x_wconf 89' lang='lat' dir='ltr'>Ut</span> <span class='ocrx_word' id='word_1_183' title='bbox 354 1929 466 1956; x_wconf 88' lang='lat' dir='ltr'>careo</span> <span class='ocrx_word' id='word_1_184' title='bbox 498 1915 607 1955; x_wconf 88' lang='lat' dir='ltr'>vobis</span> <span class='ocrx_word' id='word_1_185' title='bbox 625 1947 636 1968; x_wconf 89' lang='lat'>,</span> <span class='ocrx_word' id='word_1_186' title='bbox 670 1915 868 1966; x_wconf 72' lang='lat' dir='ltr'>Scythicas</span> <span class='ocrx_word' id='word_1_187' title='bbox 901 1914 1085 1953; x_wconf 84' lang='lat' dir='ltr'>detrusus</span> <span class='ocrx_word' id='word_1_188' title='bbox 1117 1915 1157 1952; x_wconf 89' lang='lat' dir='ltr'>in</span> <span class='ocrx_word' id='word_1_189' title='bbox 1189 1925 1300 1965; x_wconf 89' lang='lat' dir='ltr'>oras,</span> 
     </span>
     <span class='ocr_line' id='line_1_30' title="bbox 333 1973 1185 2021; baseline -0.005 -7"><span class='ocrx_word' id='word_1_190' title='bbox 333 1975 527 2021; x_wconf 87' lang='lat' dir='ltr'>Quattuor</span> <span class='ocrx_word' id='word_1_191' title='bbox 559 1980 766 2013; x_wconf 88' lang='lat' dir='ltr'>autumnos</span> <span class='ocrx_word' id='word_1_192' title='bbox 798 1973 923 2012; x_wconf 80' lang='lat' dir='ltr'>Pleias</span> <span class='ocrx_word' id='word_1_193' title='bbox 956 1978 1039 2011; x_wconf 85' lang='lat' dir='ltr'>orta</span> <span class='ocrx_word' id='word_1_194' title='bbox 1072 1973 1185 2011; x_wconf 81' lang='lat' dir='ltr'>facit.</span> 
     </span>
     <span class='ocr_line' id='line_1_31' title="bbox 273 2031 1245 2073; baseline -0.003 -2"><span class='ocrx_word' id='word_1_195' title='bbox 273 2033 354 2073; x_wconf 89' lang='lat' dir='ltr'>Nec</span> <span class='ocrx_word' id='word_1_196' title='bbox 386 2039 428 2073; x_wconf 86' lang='lat' dir='ltr'>tu</span> <span class='ocrx_word' id='word_1_197' title='bbox 462 2033 676 2072; x_wconf 87' lang='lat' dir='ltr'>credideris</span> <span class='ocrx_word' id='word_1_198' title='bbox 709 2032 879 2071; x_wconf 87' lang='lat' dir='ltr'>urbanae</span> <span class='ocrx_word' id='word_1_199' title='bbox 913 2031 1113 2070; x_wconf 87' lang='lat' dir='ltr'>commoda</span> <span class='ocrx_word' id='word_1_200' title='bbox 1145 2032 1245 2068; x_wconf 83' lang='lat' dir='ltr'>vitae</span> 
     </span>
     <span class='ocr_line' id='line_1_32' title="bbox 211 2089 1315 2141; baseline -0.005 -10"><span class='ocrx_word' id='word_1_201' title='bbox 211 2100 254 2131; x_wconf 87' lang='lat'>30</span> <span class='ocrx_word' id='word_1_202' title='bbox 335 2091 531 2138; x_wconf 88' lang='lat' dir='ltr'>Quaerere</span> <span class='ocrx_word' id='word_1_203' title='bbox 564 2091 781 2130; x_wconf 89' lang='lat' dir='ltr'>Nasonem:</span> <span class='ocrx_word' id='word_1_204' title='bbox 814 2091 967 2141; x_wconf 88' lang='lat' dir='ltr'>quaerit</span> <span class='ocrx_word' id='word_1_205' title='bbox 1000 2094 1038 2128; x_wconf 89' lang='lat' dir='ltr'>et</span> <span class='ocrx_word' id='word_1_206' title='bbox 1069 2089 1131 2127; x_wconf 91' lang='lat' dir='ltr'>illa</span> <span class='ocrx_word' id='word_1_207' title='bbox 1164 2095 1315 2127; x_wconf 85' lang='lat' dir='ltr'>tamen.</span> 
     </span>
     <span class='ocr_line' id='line_1_33' title="bbox 273 2147 1374 2196; baseline -0.005 -7"><span class='ocrx_word' id='word_1_208' title='bbox 273 2149 370 2188; x_wconf 82' lang='lat' dir='ltr'>Nam</span> <span class='ocrx_word' id='word_1_209' title='bbox 402 2150 515 2189; x_wconf 94' lang='lat' dir='ltr'>modo</span> <span class='ocrx_word' id='word_1_210' title='bbox 547 2162 616 2188; x_wconf 83' lang='lat' dir='ltr'>vos</span> <span class='ocrx_word' id='word_1_211' title='bbox 648 2151 774 2188; x_wconf 88' lang='lat' dir='ltr'>animo</span> <span class='ocrx_word' id='word_1_212' title='bbox 808 2148 941 2187; x_wconf 89' lang='lat' dir='ltr'>dulces</span> <span class='ocrx_word' id='word_1_213' title='bbox 974 2149 1205 2186; x_wconf 86' lang='lat' dir='ltr'>reminiscor</span> <span class='ocrx_word' id='word_1_214' title='bbox 1236 2147 1374 2196; x_wconf 87' lang='lat' dir='ltr'>amici,</span> 
     </span>
     <span class='ocr_line' id='line_1_34' title="bbox 335 2204 1294 2256; baseline -0.004 -9"><span class='ocrx_word' id='word_1_215' title='bbox 335 2208 447 2247; x_wconf 89' lang='lat' dir='ltr'>Nunc</span> <span class='ocrx_word' id='word_1_216' title='bbox 480 2207 574 2247; x_wconf 90' lang='lat' dir='ltr'>mihi</span> <span class='ocrx_word' id='word_1_217' title='bbox 606 2220 694 2246; x_wconf 86' lang='lat' dir='ltr'>cum</span> <span class='ocrx_word' id='word_1_218' title='bbox 728 2219 816 2246; x_wconf 89' lang='lat' dir='ltr'>cara</span> <span class='ocrx_word' id='word_1_219' title='bbox 849 2208 1012 2256; x_wconf 86' lang='lat' dir='ltr'>coniuge</span> <span class='ocrx_word' id='word_1_220' title='bbox 1045 2213 1134 2244; x_wconf 85' lang='lat' dir='ltr'>nata</span> <span class='ocrx_word' id='word_1_221' title='bbox 1166 2204 1294 2244; x_wconf 87' lang='lat' dir='ltr'>subit:</span> 
     </span>
     <span class='ocr_line' id='line_1_35' title="bbox 275 2261 1452 2317; baseline -0.003 -12"><span class='ocrx_word' id='word_1_222' title='bbox 275 2266 385 2317; x_wconf 87' lang='lat' dir='ltr'>Aque</span> <span class='ocrx_word' id='word_1_223' title='bbox 419 2266 533 2304; x_wconf 88' lang='lat' dir='ltr'>domo</span> <span class='ocrx_word' id='word_1_224' title='bbox 566 2278 705 2305; x_wconf 90' lang='lat' dir='ltr'>rursus</span> <span class='ocrx_word' id='word_1_225' title='bbox 737 2265 923 2317; x_wconf 88' lang='lat' dir='ltr'>pulchrae</span> <span class='ocrx_word' id='word_1_226' title='bbox 955 2264 1039 2303; x_wconf 89' lang='lat' dir='ltr'>loca</span> <span class='ocrx_word' id='word_1_227' title='bbox 1071 2269 1202 2303; x_wconf 89' lang='lat' dir='ltr'>vertor</span> <span class='ocrx_word' id='word_1_228' title='bbox 1234 2263 1279 2302; x_wconf 89' lang='lat' dir='ltr'>ad</span> <span class='ocrx_word' id='word_1_229' title='bbox 1313 2261 1452 2310; x_wconf 88' lang='lat' dir='ltr'>Urbis,</span> 
     </span>
     <span class='ocr_line' id='line_1_36' title="bbox 336 2322 1308 2375; baseline -0.004 -12"><span class='ocrx_word' id='word_1_230' title='bbox 336 2323 562 2375; x_wconf 88' lang='lat' dir='ltr'>Cunctaque</span> <span class='ocrx_word' id='word_1_231' title='bbox 597 2336 707 2363; x_wconf 89' lang='lat' dir='ltr'>mens</span> <span class='ocrx_word' id='word_1_232' title='bbox 740 2323 863 2363; x_wconf 88' lang='lat' dir='ltr'>oculis</span> <span class='ocrx_word' id='word_1_233' title='bbox 895 2322 1072 2375; x_wconf 88' lang='lat' dir='ltr'>pervidet</span> <span class='ocrx_word' id='word_1_234' title='bbox 1102 2334 1173 2361; x_wconf 90' lang='lat' dir='ltr'>usa</span> <span class='ocrx_word' id='word_1_235' title='bbox 1205 2322 1308 2360; x_wconf 90' lang='lat' dir='ltr'>suis.</span> 
     </span>
    </p>
   </div>
  </div>
 </body>
</html>
