1570 2527
617 88 662 120 11.
691 88 886 121 139-205.
1341 81 1425 123 239

265 196 451 236 Proditur
482 194 626 234 indicio
658 195 845 247 ponderis
877 196 960 245 ipsa
992 195 1079 233 sui,

209 255 280 296 Cui
311 255 382 294 dea
416 251 632 305 ‘virgineos
652 285 662 305 ‚
694 254 853 305 periura
884 252 1082 304 Lycaoni,
1114 258 1248 290 coetus

265 313 409 353 Desere
429 343 440 365 ,
472 324 544 351 nec
577 317 702 351 castas
734 308 883 363 pollue'
918 311 1014 350 dixit
1045 306 1230 362 ‘aquas.'

124 382 189 413 175
209 371 318 412 Luna
351 383 494 410 novum
527 370 658 410 decies
690 370 870 421 implerat
902 368 1089 408 cornibus
1121 368 1280 407 orbem:

267 430 374 477 Quae
408 431 535 469 suerat
568 430 674 480 virgo
708 429 885 479 credita,
918 434 1041 466 mater
1074 433 1180 466 erat.

209 489 330 528 Laesa
362 489 457 527 furit
487 488 584 527 Iuno
604 519 614 539 ,
647 488 810 526 formam
844 493 1044 538 mutatque
1078 486 1251 537 puellae.

269 547 369 594 Quid
403 548 497 585 sacis
517 544 537 585 Ῥ
581 548 702 585 invito
735 552 794 585 est
825 551 984 597 pectore
1017 557 1128 596 passa
1161 543 1312 582 Iovem.

209 606 336 657 thue
371 606 474 644 ferae
506 605 601 644 vidit
633 611 768 655 turpes
801 606 840 642 in
872 603 1018 655 paelice
1052 603 1202 655 voltus,
1371 610 1429 641 (42)

125 673 190 705 180
270 663 418 704 ‘Huius
449 666 490 703 in
517 663 716 715 amplexus
748 659 944 714 Iuppiter'
977 664 1104 713 inquit
1137 658 1262 700 ‘eatf

209 723 307 762 Ursa
338 735 409 774 per
440 722 610 761 incultos
642 721 797 760 errabat
829 721 1004 772 squalida
1037 726 1212 772 montes,

270 781 376 827 Quae
410 781 536 820 suerat
568 792 719 819 summo
752 792 878 831 nuper
911 786 1034 818 amata
1065 779 1165 818 Iovi.

209 839 288 879 Iam
320 841 394 878 tria
425 839 547 878 lustra
579 850 678 890 puer
710 838 814 877 furto
848 844 1062 889 conceptus
1094 837 1252 888 agebat,

269 898 365 937 Cum
398 903 522 937 mater
553 903 643 936 nato
676 903 735 935 est
768 896 879 935 obvia
910 896 1010 934 facta
1043 907 1137 934 suo.

123 965 188 998 185
209 957 276 996 Illa
310 956 466 1008 quidem
485 987 496 1008 ,
528 961 725 1006 tamquam
758 960 1044 1006 cognosceret,
1076 953 1223 992 adstitit
1256 964 1411 1003 amens,

267 1015 318 1054 Et
350 1017 526 1067 gemuit:
559 1016 728 1065 gemitus
761 1013 877 1052 verba
909 1015 1083 1065 parentis
1116 1019 1248 1051 erant.

210 1073 319 1113 Hanc
350 1086 449 1125 puer
481 1075 640 1124 ignarus
672 1072 796 1112 iaculo
829 1073 978 1111 fixisset
1011 1077 1147 1122 acuto,

270 1132 318 1171 Ni
350 1133 451 1171 foret
481 1134 522 1170 in
554 1143 717 1183 superas
749 1137 883 1182 raptus
918 1136 1083 1181 uterque
1117 1129 1273 1168 domos.

214 1191 331 1243 Signa
362 1192 583 1242 propinqua
615 1191 788 1229 micant:
831 1191 940 1241 prior
972 1195 1060 1240 est,
1094 1200 1208 1239 quam
1242 1187 1409 1226 dicimus

940 1248 1109 1298 Arcton,

127 1317 192 1349 190
271 1307 532 1359 Arctophylax
564 1307 728 1345 formam
761 1312 869 1357 terga
902 1307 1103 1356 sequentis
1136 1304 1272 1343 babet.

213 1366 342 1406 Saevit
374 1366 500 1405 adhuc
519 1397 530 1418 ,
563 1377 777 1416 canamque
811 1370 922 1416 rogat
955 1364 1136 1402 Saturnia
1168 1363 1346 1415 Tethyn,

270 1425 497 1464 Maenaliam
530 1425 643 1463 tactis
675 1435 723 1462 ne
756 1423 857 1462 lavet
888 1425 1032 1461 Arcton
1067 1424 1200 1474 aquis.

562 1515 627 1557 13.
665 1514 704 1555 D
736 1512 946 1555 EID-§1³

213 1599 346 1639 Idibus
378 1601 542 1651 agrestis
575 1599 726 1638 fumant
757 1598 891 1637 altaria
923 1597 1046 1636 Fauni

271 1658 342 1697 Hic
361 1690 372 1710 ,
404 1658 472 1697 ubi
504 1658 692 1696 discretas
723 1656 850 1696 insula
882 1657 1030 1707 rumpit
1062 1667 1204 1707 aquas.

128 1726 193 1757 195
215 1717 317 1756 Haec
352 1718 424 1755 fuit
455 1716 518 1755 illa
552 1716 667 1764 dies,
699 1717 738 1754 in
772 1728 848 1767 qua
880 1713 1106 1753 Veientibus
1140 1715 1258 1752 armis

274 1775 368 1826 [Ter
400 1782 559 1814 centum
590 1773 698 1813 Fabii
730 1780 791 1813 ter
824 1773 1002 1813 cecidere
1036 1773 1112 1812 duo
1128 1771 1155 1822 .]

127 1843 191 1874 198
273 1834 441 1873 Sumunt
472 1833 638 1885 gentiles
671 1844 776 1871 arma
807 1833 984 1884 professa
1016 1843 1177 1870 manus.

127 1902 190 1933 197
218 1893 302 1932 Una
334 1892 472 1931 domus
503 1894 606 1931 vires
639 1897 677 1931 et
708 1903 808 1930 onus
840 1896 1069 1942 susceperat
1099 1889 1238 1940 Urbis,

216 1950 444 2001 [Egreditur
474 1952 612 1989 castris
645 1950 755 1989 miles
787 1961 1002 2001 generosus
1035 1947 1081 1986 ab
1114 1946 1278 1999 isdem,]

126 2018 194 2049 200
273 2009 304 2048 E
337 2010 424 2060 quis
456 2008 534 2047 dux
566 2009 651 2047 fieri
683 2007 846 2059 quilibet
878 2013 991 2058 aptus
1024 2012 1128 2044 erat.

215 2067 432 2107 Carmentis
463 2073 599 2118 portae
632 2066 768 2105 dextra
800 2071 859 2104 est
890 2067 948 2104 via
980 2066 1155 2116 proxima
1186 2064 1302 2102 Iano:

275 2126 352 2177 [Ire
384 2138 455 2177 per
488 2126 585 2164 hanc
619 2124 726 2176 noli,
760 2125 937 2175 quisquis
969 2135 1039 2175 es,
1073 2135 1187 2161 omen
1219 2121 1357 2176 habet.

214 2185 282 2224 Illa
314 2185 411 2223 fama
443 2184 566 2223 refert
598 2183 737 2222 Fabios
770 2184 896 2222 exisse
929 2188 1153 2221 trecentos:

273 2243 391 2282 Porta
423 2249 530 2281 vacat
563 2242 706 2294 culpa,
739 2241 806 2280 sed
840 2247 969 2280 tamen
1001 2252 1115 2279 omen
1147 2239 1304 2288 habet]

129 2310 195 2341 205
215 2301 266 2341 Ut
297 2301 416 2341 celeri
446 2313 564 2352 passu
597 2300 821 2339 Cremeram
853 2301 1017 2351 tetigere
1050 2310 1252 2350 rapacem,
1286 2320 1329 2324 —
1380 2306 1439 2337 (43)
