1570 2527
194 100 277 142 132
735 101 799 132 EX
822 100 979 133 ΡοΝΤο

308 209 352 248 In
384 209 527 261 quibus
558 209 760 258 ingenium
792 207 936 247 desiste
968 209 1173 259 requirere
1204 213 1408 257 nostrum,

367 267 531 306 Nescius
563 265 669 305 exilii
699 277 749 305 ne
779 266 935 305 videare
966 268 1064 305 mei.

269 334 289 366 5
309 325 448 365 Cernis
467 357 478 376 ,
507 330 553 364 ut
581 326 764 375 ignavum
794 330 1048 375 corrumpant
1079 326 1156 363 otia
1188 335 1356 375 corpus,

369 383 419 422 Ut
449 388 606 421 careant
637 384 729 421 vitio
751 414 762 434 ‚
794 383 828 421 si
858 389 1087 421 moveantur
1105 414 1116 434 ‚
1148 394 1293 434 aquae.

309 441 358 480 Et
389 440 485 480 mihi
516 441 640 492 siquis
671 447 756 479 erat
787 440 956 479 ducendi
987 442 1170 479 carminis
1201 452 1321 492 usuS,

368 498 535 551 Deficit,
567 504 705 550 estque
738 500 866 537 minor
899 499 1024 537 sactus
1055 499 1181 537 inerte
1214 500 1316 537 situ.

310 557 413 596 Haec
446 569 602 608 quoque
621 588 632 608 ‚
666 568 763 608 quae
796 556 954 608 legitis,
993 556 1121 607 siquid
1154 555 1278 608 mibi,
1309 555 1498 607 Maxime,

1036 614 1187 665 credis,

250 682 292 712 10
374 673 590 713 Scribimus
622 674 740 712 invita
772 674 914 723 vixque
947 678 1079 711 coacta
1109 683 1249 711 manu.

311 731 397 771 Non
429 731 525 771 libet
557 733 597 770 in
630 731 716 770 talis
748 732 920 769 animum
953 730 1190 770 contendere
1222 741 1359 780 curas,

368 789 449 829 Nec
482 791 585 829 venit
617 789 662 828 ad
696 789 815 828 duros
847 789 956 827 Musa
989 794 1122 827 vocata
1154 787 1289 827 Getas.

309 848 361 888 Ut
391 854 520 887 tamen
552 849 636 898 ipse
669 847 775 886 vides
794 879 804 899 ,
836 847 963 886 luctor
995 846 1190 885 deducere
1222 858 1402 885 versum:

372 906 448 945 Sed
482 918 560 944 non
591 906 634 944 fit
665 905 743 944 fato
775 905 927 944 mollior
958 905 1022 943 ille
1055 917 1164 943 meo.

250 973 292 1004 15
313 965 410 1004 Cum
442 964 571 1015 relego
592 995 602 1015 ,
635 965 839 1014 scrIpsisse
870 963 1020 1015 pudet,
1054 964 1143 1013 quia
1174 961 1342 1013 plurima
1374 973 1492 1001 cerno

370 1023 429 1062 Me
463 1034 618 1073 quoque
638 1053 648 1073 ‚
682 1023 749 1072 qui
781 1022 856 1060 feci
875 1053 885 1073 ,
916 1021 1045 1060 iudice
1078 1020 1193 1072 digna
1223 1020 1317 1059 lini.

311 1081 392 1120 Nec
422 1087 552 1119 tamen
580 1080 744 1119 emendo
766 1111 773 1118 .
818 1079 926 1118 labor
952 1079 1015 1117 hic
1042 1090 1158 1130 quam
1183 1077 1357 1117 scribere
1383 1079 1528 1130 maior,

370 1138 559 1190 Mensque
590 1140 670 1189 pati
702 1138 843 1177 durum
877 1139 1046 1176 sustinet
1076 1148 1191 1187 aegra
1222 1135 1341 1175 nihil.

314 1197 472 1236 Scilicet
503 1198 686 1247 incipiam
718 1195 808 1234 lima
838 1196 1060 1234 mordacius
1092 1196 1173 1246 uti,

249 1263 292 1294 20
371 1254 420 1294 Et
452 1254 524 1293 sub
557 1254 745 1293 iudicium
777 1254 928 1305 singula
959 1253 1076 1292 verba
1109 1249 1278 1292 vocem‘?

312 1312 489 1364 Torquet
528 1314 631 1351 enim
668 1313 824 1351 fortuna
862 1323 1028 1363 parum,
1067 1312 1143 1350 nisi
1180 1310 1316 1349 Lissus
1354 1310 1394 1348 in

1038 1369 1214 1408 Hebrum
1474 1376 1530 1407 (19)

373 1428 578 1480 Confluat,
611 1435 650 1467 et
682 1428 840 1467 frondes
872 1427 1034 1466 saltibus
1067 1427 1181 1466 addat
1212 1423 1344 1465 Atho?

315 1487 558 1526 Parcendum
592 1493 651 1525 est
682 1488 809 1525 animo
841 1485 1062 1525 miserabile
1095 1485 1234 1524 vulnus
1266 1483 1447 1523 habenti.

374 1545 608 1584 Subducunt
640 1546 752 1583 oneri
784 1544 880 1583 colla
911 1549 1070 1595 perusta
1102 1543 1243 1582 boves.

252 1611 295 1642 25
316 1604 393 1654 At,
424 1609 519 1654 puto
539 1635 549 1655 ‚
580 1604 734 1642 fructus
766 1603 904 1654 adest,
942 1604 1155 1641 iustissima
1186 1612 1303 1640 causa
1334 1599 1529 1651 laborum,

373 1661 423 1699 Et
455 1667 535 1700 sata
567 1673 657 1700 cum
689 1661 810 1699 multo
843 1661 976 1699 fenore
1008 1660 1135 1699 reddit
1169 1656 1294 1710 ager?

315 1719 487 1769 Tempus
519 1719 566 1757 ad
596 1719 671 1757 hoc
703 1718 845 1769 nobis,
877 1724 1031 1770 repetas
1063 1718 1155 1756 licet
1186 1718 1314 1755 omnia
1333 1748 1343 1767 ‚
1381 1716 1532 1756 nullum

373 1777 525 1816 Profuit
555 1799 601 1803 —
632 1782 748 1827 atque
781 1777 928 1814 utinam
961 1788 1038 1814 non
1070 1774 1298 1814 nocuisset!
1330 1797 1375 1802 —
1408 1787 1530 1827 opus,

317 1835 394 1875 Cur
425 1836 545 1886 igitur
578 1834 774 1885 scribam,
807 1835 960 1872 miraris
980 1832 1001 1872 ‘?
1032 1835 1152 1872 miror
1185 1839 1223 1873 et
1254 1835 1361 1884 ipse,

253 1902 296 1933 30
376 1892 426 1932 Et
457 1898 587 1932 tecum
621 1904 764 1944 quaero
798 1904 942 1943 saepe,
975 1892 1066 1943 quid
1099 1891 1189 1930 inde
1220 1897 1372 1942 petam.

317 1952 374 1990 An
406 1951 575 2002 populus
606 1963 697 1989 vere
731 1962 844 1989 sanos
877 1956 992 2000 negat
1023 1962 1109 1989 esse
1141 1947 1310 2001 poetas‘?

377 2009 550 2061 Sumque
582 2009 678 2048 fides
708 2008 826 2048 huius
857 2010 1021 2047 maxima
1052 2009 1157 2047 vocis
1190 2005 1298 2059 ego?

318 2068 424 2119 Qui,
455 2067 579 2106 sterili
610 2068 754 2106 totiens
786 2079 875 2106 cum
909 2068 980 2106 sim
1014 2067 1202 2118 deceptus
1233 2066 1279 2105 ab
1311 2077 1425 2117 arvo,

375 2125 566 2165 Damnosa
598 2131 730 2176 persto
764 2125 932 2164 condere
964 2137 1096 2164 semen
1128 2124 1270 2164 humo.

255 2192 298 2223 35
321 2183 479 2223 Scilicet
511 2189 570 2223 est
602 2184 767 2235 cupidus
799 2183 1017 2223 studiorum
1051 2184 1217 2234 quisque
1249 2194 1433 2234 suornm,

376 2242 547 2293 Tempus
580 2248 619 2281 et
650 2242 809 2281 adsueta
839 2254 986 2293 ponere
1018 2243 1057 2280 in
1090 2247 1172 2280 arte
1204 2243 1331 2280 iuvat.

320 2299 483 2339 Saucius
517 2301 642 2339 eiurat
674 2312 840 2352 pugnam
874 2300 1090 2353 gladiator,
1122 2306 1160 2338 et
1192 2299 1293 2338 idem
