1570 2527
170 121 321 156 XXXVI

171 234 380 280 postquam
412 232 622 279 exemplar,
654 231 756 279 quod
781 233 940 269 neutros
970 243 993 268 a
1017 231 1121 269 linea
1145 232 1326 270 reductos
1350 231 1500 277 habuit,
1566 235 1570 242 “

171 289 356 327 mandato
388 289 569 338 magistri
601 288 649 325 ad
681 289 847 327 alteram
871 302 1048 327 normam
1069 300 1299 328 conversum
1319 293 1390 328 est.
1461 289 1502 326 id

172 360 260 384 cum
291 348 332 385 in
362 347 423 385 his
454 347 577 395 fieret,
598 367 651 372 ——
675 346 708 384 si
738 348 834 384 adeo
866 360 1000 385 recens
1032 349 1255 396 corruptela
1286 347 1502 386 existimari

172 406 289 443 debet
325 426 372 431 —
408 405 482 442 visi
514 408 615 453 sunt,
647 405 737 453 quia
772 408 850 444 197
889 407 968 444 198
1008 406 1112 443 haud
1143 406 1199 443 ita
1229 406 1330 444 male
1362 418 1499 444 conve-

171 464 349 511 niebant,
382 475 481 500 unus
513 463 739 500 hexameter
770 467 810 501 et
840 476 940 501 unus
965 467 1211 512 pentameter
1235 463 1381 514 deesse,
1413 476 1499 502 con-

173 521 268 559 fecti
299 524 391 559 sunt
428 521 676 570 importunus
711 523 791 559 196
826 524 865 559 et
896 521 942 559 de
975 524 1110 559 castris
1141 523 1278 560 eisdem
1308 522 1501 570 ineptiens
1530 524 1533 527 “

176 581 272 618 199.
347 579 585 617 constructio
617 581 691 626 fuit
715 580 804 627 dies,
837 591 913 626 qua
943 583 1098 617 sumunt
1125 579 1248 617 nihilo
1274 579 1503 618 insolentior

174 650 292 686 quam
323 637 381 681 VI
404 639 484 675 769
518 641 673 685 superat
703 641 736 674 et
767 639 904 675 cecidit.
979 641 1134 676 sumunt
1164 650 1276 676 arma
1305 638 1403 675 illud
1429 641 1501 686 est,

174 695 279 744 quod
310 695 438 733 Kaeso
465 695 610 733 Fabius
641 695 745 745 apud
770 695 925 733 Livium
951 696 1064 742 dixit,
1095 696 1136 733 II
1162 698 1228 744 49,
1260 697 1396 734 bellum
1418 698 1500 744 pri-

172 757 257 792 vato
284 757 435 801 sumptu
458 766 587 802 yerere
611 756 652 791 'in
671 755 798 791 (mimo
818 757 878 792 est.
953 753 1140 803 dativum,
1172 767 1286 803 quem
1307 753 1405 802 dedi,
1438 767 1501 792 αν-

172 814 255 859 mis,
281 812 448 861 pendere
475 812 653 850 existimo
679 824 702 848 a
728 812 933 860 participio
947 814 1142 862 professa3
1160 814 1337 860 profiteri
1356 812 1502 850 dictum

174 870 220 907 de
259 883 322 918 eo,
361 870 427 918 qui
458 883 504 907 ex
534 870 809 918 provocatione
841 870 890 907 ad
922 883 1095 918 pugnam
1126 882 1407 919 congressurus
1439 870 1502 920 sit,

171 928 277 965 haud
303 929 419 966 aliter
444 941 488 966 ac
512 928 708 977 parasitus
735 929 839 976 apud
864 928 1050 965 Plautum
1077 927 1189 977 Capt.
1216 930 1301 966 430
1326 929 1503 977 postulat

171 986 402 1035 parochum;
441 986 617 1024 dativum
648 986 688 1023 id
718 988 886 1030 verbum
913 987 1141 1035 admittere,
1177 986 1237 1024 uti
1266 987 1388 1024 verba
1419 999 1500 1025 con-

174 1045 306 1088 dicere,
330 1047 561 1092 promittere,
593 1045 734 1093 quibus
766 1044 815 1081 ad
846 1057 981 1082 cenam
1014 1057 1054 1082 se
1085 1047 1272 1083 venturos
1297 1045 1501 1094 spondent.

174 1115 285 1141 arma
308 1105 488 1150 professa
515 1103 728 1140 Veientibus
761 1105 880 1140 armis
911 1105 1025 1140 erunt
1056 1102 1284 1151 Fabiorum,
1316 1104 1383 1152 qui
1412 1116 1500 1151 pro-

172 1161 402 1198 vocantibus
423 1161 653 1199 Veientibus
681 1157 827 1199 ‘hostes
853 1157 1023 1209 dantur’,
1048 1163 1093 1198 ut
1120 1164 1180 1199 est
1205 1161 1309 1210 apud
1330 1161 1499 1213 Livium.

173 1231 284 1257 arma
316 1223 480 1257 coerceat
511 1221 630 1257 armis
661 1225 720 1256 est
752 1219 771 1256 Ι
806 1221 899 1266 715,
931 1220 1171 1257 Mutinensia
1194 1220 1361 1266 perculit
1390 1231 1502 1258 arma

172 1277 255 1314 IIII
277 1279 372 1325 629,
404 1290 516 1315 arma
540 1278 697 1315 Persica
727 1278 892 1314 contudit
922 1279 1042 1314 armis
1060 1277 1173 1315 Pont.
1195 1277 1214 1313 I
1233 1285 1285 1315 ΙΙΙ
1307 1279 1371 1315 69.

174 1332 258 1373 398
290 1331 465 1373 NESCIO
500 1343 627 1381 QUEM
658 1343 790 1373 rums
823 1342 1041 1373 susmcoss
1073 1342 1180 1373 ESSE
1205 1343 1345 1373 DEUM.
1419 1335 1501 1373 cod.

173 1393 306 1431 Petav.
352 1405 460 1440 quem
501 1395 622 1439 vobis,
665 1393 794 1431 Ursin.
839 1404 947 1439 quem
993 1406 1012 1430 e
1053 1394 1165 1432 vobis.
1247 1393 1390 1432 Volnus
1433 1394 1504 1431 alit

172 1453 277 1489 venis
291 1451 408 1500 Verg.
558 1448 641 1488 457
663 1459 743 1488 IAM
757 1458 891 1489 IOVIS,
951 1451 1044 1488 libri
1057 1451 1147 1488 Iam
1166 1452 1265 1490 levis.
1416 1448 1500 1489 568

176 1517 298 1556 Quor
331 1517 517 1547 HABENT
546 1517 753 1546 CARMINA
776 1516 956 1547 NOSTRA
980 1517 1139 1547 PEDEs.
1211 1508 1316 1558 quod
1345 1508 1388 1546 in
1416 1510 1501 1547 loco

173 1567 402 1605 difficillimo
439 1569 743 1615 temptaveram,
786 1579 864 1605 non
899 1567 1015 1616 longe
1052 1567 1190 1605 aberat
1225 1579 1249 1604 a
1284 1566 1502 1605 rationibus

175 1625 322 1674 Orphei
365 1628 434 1662 aut
477 1625 661 1673 Pythiae,
707 1625 774 1673 qui
817 1625 1088 1662 hexametrum
1132 1624 1315 1662 dixerunt
1357 1621 1502 1672 ὄρθιον

175 1681 373 1731 ἑξαμερὲε
405 1680 592 1729 τετόρων
617 1680 683 1719 καὶ
709 1679 832 1720 εἴκοςι
859 1681 1033 1730 μέτρων,
1059 1683 1126 1720 sed
1157 1683 1343 1720 abhorret
1374 1695 1397 1720 a
1422 1695 1503 1721 ser-

173 1742 299 1780 monis
323 1741 437 1778 latini
456 1741 747 1778 consuetudine.
821 1740 1022 1778 octiduum
1042 1740 1239 1789 designari
1256 1743 1501 1790 putaveram,

175 1799 279 1848 quod
310 1801 371 1837 est
401 1799 505 1837 inter
530 1798 685 1836 Feralia
717 1801 757 1836 et
781 1798 996 1848 Kalendas;
1028 1798 1183 1836 Feralia
1215 1799 1290 1837 dici
1319 1799 1417 1838 hane
1447 1801 1502 1838 Zu-

174 1870 252 1896 cem
276 1871 311 1896 v.
341 1859 423 1896 569
451 1860 490 1895 et
514 1857 689 1905 proximo
715 1858 822 1894 illam
847 1858 959 1895 diem:
994 1869 1093 1906 quae
1118 1857 1349 1905 pronomina
1375 1858 1502 1896 solent

176 1916 223 1953 de
255 1916 374 1953 rebus
407 1915 571 1953 diversis
604 1915 762 1963 opponi,
794 1914 856 1952 ΙΙΙ
889 1916 970 1952 401
1004 1915 1086 1952 IIII
1117 1917 1200 1953 432
1234 1917 1317 1954 433
1350 1915 1387 1951 V
1419 1916 1502 1954 700

173 1974 232 2011 VI
265 1975 317 2012 85
358 1975 425 2012 86.
498 1975 558 2011 est
588 1985 681 2011 vero
714 1973 857 2021 duplex
893 1973 950 2010 rei
988 1985 1119 2011 sacrae
1157 1986 1298 2023 genus,
1339 1973 1387 2011 de
1425 1986 1501 2023 quo

175 2033 320 2081 agitur:
362 2033 533 2070 alterum
562 2031 735 2080 Feralia,
773 2031 814 2068 in
843 2031 957 2069 fastis
987 2031 1221 2081 perscripta,
1258 2043 1425 2081 quorum
1456 2044 1503 2069 ex

177 2091 312 2127 ordine
343 2093 433 2139 post
459 2089 676 2135 Quirinalia
706 2102 729 2127 a
759 2091 878 2138 poeta
908 2089 1010 2127 ratio
1037 2089 1217 2127 habenda
1247 2091 1350 2138 erat3
1382 2092 1501 2138 atque

175 2161 220 2186 eo
251 2148 498 2196 potissimum
531 2148 658 2186 refero
690 2147 791 2198 quod
817 2160 853 2186 v.
880 2148 962 2186 569
990 2150 1060 2195 est,
1093 2148 1217 2186 Hane.
1291 2148 1360 2186 sed
1384 2147 1504 2186 inter-

173 2207 308 2256 posuit
328 2207 374 2243 de
401 2207 525 2244 altero
544 2217 700 2255 genere,
727 2207 857 2244 diebus
873 2207 1142 2253 parentalibus
1161 2206 1257 2254 548,
1282 2206 1397 2253 ferali
1415 2209 1502 2244 tem-

171 2276 264 2312 pore
294 2264 331 2300 V
357 2265 452 2313 486,
485 2264 589 2313 quod
613 2267 703 2313 post
728 2263 946 2308 Quirinalia
975 2263 1133 2302 initium
1165 2263 1311 2312 cepisse
1341 2276 1420 2303 non
1448 2264 1502 2303 vi-

175 2322 305 2360 detur:
338 2334 430 2360 nam
462 2322 494 2360 si
526 2323 660 2361 Iunius
692 2322 836 2361 mensis
867 2322 1037 2371 quinque
1064 2321 1340 2360 Lemuriorum
1365 2322 1504 2361 diebus
