1570 2527
1363 61 1449 96 XIII

224 176 271 215 V.
313 177 395 214 396
442 173 658 212 rectissime
696 172 859 210 Ellisius
899 171 1074 220 notavit3
1119 167 1253 209 ‘unde’
1293 172 1449 220 scripsit

107 231 188 273 ‘hic
213 233 474 272 Lemniades?
525 235 658 270 cetera
683 231 788 269 enim
815 231 915 268 serie
941 243 1074 268 rerum
1100 231 1321 278 cohaerent,
1348 230 1449 267 sicut

107 293 214 342 apud
245 287 544 342 Apollodorum'
577 291 661 328 rell.

228 351 274 389 V.
308 352 391 388 418
431 350 547 399 plane
579 348 841 386 balbutientis
875 348 1024 386 scribae
1057 347 1361 386 deliramentum
1391 346 1448 384 vi-

109 411 241 458 detur,
285 409 387 446 unde
431 408 529 445 nihil
573 407 659 445 sani
697 406 937 446 extunditur.
1006 406 1098 444 libri
1142 406 1245 444 enim
1289 417 1449 443 consen-

108 469 227 512 tiunt,
258 468 335 505 nisi
367 467 472 516 quod
503 478 612 504 meus
645 466 680 503 A
708 465 882 514 Hauptio
915 467 1018 503 teste
1052 467 1092 503 et
1122 465 1225 502 alter
1255 475 1334 501 non
1363 463 1448 501 vul-

108 527 215 577 garis
249 526 445 564 distichon
476 526 559 562 417
594 526 677 562 418
711 526 802 561 ante
835 525 919 562 415
948 525 1031 561 416
1059 524 1202 571 locant,
1233 534 1310 571 quo
1337 534 1450 571 argu-

109 587 242 623 mento
287 584 407 633 siquis
450 585 581 621 totum
624 582 835 630 distichon,
878 594 957 619 non
999 582 1114 620 modo
1157 583 1450 630 pentametrum

110 643 289 691 spurium
329 642 554 679 existimare
593 641 705 688 velit,
750 641 849 677 nihil
886 640 1038 678 decedit
1082 639 1350 678 observationi
1385 651 1452 676 no-

109 703 226 739 strae.
295 699 536 737 Schraderus
563 698 668 748 quod
692 710 835 735 nexum
854 698 958 736 inter
978 700 1062 736 413
1085 700 1170 736 414
1198 701 1238 735 et
1258 699 1341 735 415
1365 699 1448 735 416

110 759 371 808 desiderabat,
409 758 534 807 possit
565 757 605 794 id
637 757 795 805 elevari,
835 756 868 794 si
898 768 1057 794 versum
1091 758 1189 804 418,
1221 756 1288 805 qui
1318 755 1453 805 genui-

108 831 183 856 nus
214 818 308 865 fuit,
341 816 530 865 apodosin
560 815 744 853 habuisse
777 817 974 864 putemus.

227 875 275 913 V.
310 877 391 914 508
425 877 689 923 pentameter,
722 886 772 911 an
803 873 1017 921 distichon,
1051 873 1154 922 quod
1185 874 1317 910 totum
1348 872 1453 910 locu-

111 935 261 973 tionem
288 934 563 972 scholasticam
588 933 720 981 habet,
752 932 1060 981 interpolatoris,
1087 933 1192 969 certe
1217 943 1313 968 num
1338 931 1453 968 unius

111 993 283 1031 auctoris
328 993 395 1042 sit,
445 991 619 1030 dubitari
666 993 809 1040 potest.
883 1003 974 1040 pars
1024 990 1202 1028 inscitior
1255 991 1316 1027 est
1358 1001 1452 1038 pen-

110 1054 292 1090 tameter.

228 1110 276 1148 V.
310 1110 392 1148 556
433 1109 654 1158 exemplum
692 1108 831 1146 Glauci
862 1107 1105 1145 Anthedonii
1141 1119 1261 1156 quam
1299 1106 1350 1144 sit
1389 1106 1455 1143 ab·

112 1169 292 1216 surdum,
325 1180 444 1217 supra
476 1170 536 1205 est
566 1167 792 1205 indicatum.

231 1227 383 1264 Horum
408 1227 585 1264 locorum
609 1229 691 1263 tres
717 1225 867 1274 priores
894 1225 997 1262 inter
1022 1236 1063 1262 se
1089 1224 1322 1273 vigenorum
1342 1223 1454 1261 bino-

113 1299 201 1323 rum
237 1297 425 1323 versuum
462 1285 672 1322 intervallo
711 1284 878 1322 distant:
917 1283 1020 1332 quod
1060 1283 1232 1331 spatium
1270 1282 1304 1319 si
1340 1283 1457 1330 putes

112 1344 350 1394 paginarum
381 1343 524 1382 codicis
557 1342 723 1381 alicuius
749 1342 956 1390 archetypi
980 1341 1114 1389 fuisse,
1147 1341 1282 1389 quales
1308 1341 1349 1377 in
1375 1339 1455 1377 edi-

113 1403 233 1441 tionis
257 1404 418 1440 nostrae
444 1401 688 1450 marginibus
715 1401 923 1439 adnotatas
950 1399 1082 1446 habes,
1110 1398 1310 1436 desierunt
1335 1398 1458 1447 igitur

115 1461 282 1510 paginae
319 1462 401 1497 tres
439 1460 480 1496 in
517 1471 584 1496 eos
620 1460 746 1507 locos,
791 1458 907 1496 desiit
950 1458 1094 1507 pagina
1133 1451 1198 1508 (6)
1236 1457 1277 1494 in
1314 1456 1455 1504 locum,

115 1531 232 1568 quem
263 1518 548 1567 interpolatum
581 1529 700 1566 supra
730 1516 1012 1554 intelleximus:
1050 1516 1162 1552 nulla
1201 1527 1370 1563 usquam
1400 1515 1457 1552 in-

115 1577 335 1625 aequalitas
367 1576 603 1625 paginarum
636 1577 755 1622 extat,
787 1577 1065 1623 praeterquam
1096 1574 1138 1611 in
1168 1574 1315 1623 pagina
1347 1569 1456 1625 (23),

115 1647 216 1684 quae
246 1647 324 1672 uno
357 1634 542 1682 disticho,
574 1636 615 1671 et
648 1629 760 1686 (25),
793 1646 893 1682 quae
926 1633 1077 1670 duobus
1110 1632 1313 1670 modulum
1344 1632 1458 1669 illum

116 1696 294 1742 superat,
327 1693 374 1731 de
406 1705 484 1742 qua
515 1705 556 1730 re
587 1692 753 1741 posthac
786 1692 947 1729 dicetur.

235 1753 421 1790 Aetatem
446 1751 564 1789 huius
590 1751 797 1800 archetypi
821 1763 900 1788 non
925 1750 1186 1788 definiverim:
1213 1750 1458 1799 corruptelas

116 1812 307 1860 quasdam
357 1811 440 1848 eius
490 1810 651 1848 memini
701 1822 721 1847 e
766 1809 960 1858 scriptura
1008 1809 1170 1857 unciali,
1221 1809 1349 1858 qualis
1400 1811 1458 1846 est

116 1869 332 1920 fragmenti
364 1868 678 1918 Guelferbytani,
711 1870 817 1906 ortas
849 1867 986 1916 videri,
1025 1868 1135 1906 cuius
1167 1868 1335 1916 paginae
1368 1869 1460 1905 sunt

117 1941 302 1966 versuum
322 1928 556 1977 vigenarum
576 1927 795 1975 quinarum,
816 1926 1039 1964 altitudinis
1059 1938 1178 1974 quam
1196 1926 1319 1963 habet
1338 1925 1458 1963 editio

116 1999 205 2024 mea
242 1986 502 2024 Reimeriana.
575 1985 695 2023 Plinii
732 1997 828 2034 quos
860 1985 1022 2022 Monens
1061 1984 1270 2032 descripsit
1307 1984 1458 2021 codices

117 2045 242 2083 multo
275 2045 516 2094 antiquiores
547 2058 612 2094 pp.
632 2052 713 2082 XVI
738 2052 866 2081 XXXV
893 2051 1050 2085 XXXIX,
1083 2042 1219 2080 eodem
1251 2042 1334 2080 fere
1367 2045 1459 2080 sunt

117 2116 303 2141 versuum
339 2116 409 2152 per
446 2103 611 2152 paginas
648 2115 822 2140 numero.
895 2102 935 2138 id
972 2102 1157 2139 volumen
1188 2113 1276 2139 cum
1308 2101 1459 2139 senium

119 2162 198 2199 iam
229 2162 414 2210 duxisset,
448 2162 528 2199 situ
559 2163 628 2199 aut
653 2161 813 2198 madore
841 2160 891 2197 ab
918 2159 1095 2197 inferiori
1119 2162 1233 2208 parte
1260 2160 1458 2206 affectum,

124 2240 172 2246 -—
207 2233 324 2269 quem
355 2221 484 2269 ipsum
516 2220 557 2257 in
587 2219 747 2258 modum
772 2218 962 2267 Aeschyli
987 2219 1248 2267 archetypum
1273 2218 1458 2256 vitiatum

119 2277 241 2316 fuisse
261 2279 539 2327 demonstravi,
559 2278 732 2317 codicem
750 2276 996 2315 Bessarionis
1009 2274 1289 2326 bombycinum
1309 2278 1459 2326 aparte
