1570 2527
207 102 292 143 270
744 102 1002 135 FASTORUM

382 210 580 261 Mergetur
611 211 717 249 visus
749 211 986 260 effugietque
1018 215 1129 250 tuos.

323 269 372 307 At
404 280 482 306 non
515 269 673 319 effugiet
705 267 972 307 vindemitor.
1028 268 1102 307 hoc
1135 281 1290 320 quoque
1323 282 1480 309 causam

382 325 492 365 Unde
525 326 651 365 trahat
683 327 790 366 sidus
809 357 819 377 ,
852 338 968 377 parva
1000 326 1142 365 docere
1174 339 1282 366 mora
1313 335 1396 368 est.

322 384 510 435 Ampelon
541 386 740 423 intonsum
772 390 912 436 satyro,
933 385 1177 436 nymphaque
1210 391 1383 426 creatum

234 450 302 482 410
381 443 523 482 Fertur
554 444 594 482 in
626 443 796 482 Ismariis
828 442 1004 481 Bacchus
1036 454 1184 482 amasse
1217 445 1342 494 iugis.

326 500 518 551 [Tradidit
549 501 638 540 huic
672 503 789 540 vitem
822 500 1056 551 pendentem
1087 501 1291 540 frondibus
1324 502 1436 551 ulmi,

382 559 488 605 Quae
520 571 625 598 nunc
656 559 703 598 de
735 560 850 610 pueri
881 560 1037 598 nomine
1070 571 1211 598 nomen
1243 559 1400 611 habet]

322 617 423 657 Dum
454 617 548 668 legit
579 619 619 656 in
651 629 758 656 ramo
791 619 915 668 pictas
948 620 1179 657 temerarius
1211 630 1329 671 uvas,

380 675 560 715 Decidit.
617 677 801 715 amissum
833 675 950 714 Liber
982 677 1022 714 in
1055 681 1157 715 astra
1189 676 1300 716 tulit.

205 767 242 809 6.
256 766 1537 809 AN³HOC·D1E·CAESAR-PONTIF-MAXIM·FACT·EST

233 859 301 890 415
323 850 464 889 Sextus
496 849 564 889 ubi
596 849 749 889 Oceano
782 849 970 889 clivosum
1002 850 1154 889 scandit
1186 849 1392 902 Olympum

380 908 560 947 Phoebus
579 940 590 959 ,
621 914 660 947 et
691 908 798 946 alatis
831 908 988 946 aethera
1020 910 1144 959 carpit
1175 910 1312 961 equis,

321 966 507 1018 Quisquis
539 966 630 1005 ades
663 972 868 1016 castaeque
902 966 997 1005 colis
1028 967 1242 1017 penetralia
1273 966 1434 1020 Vestae,

383 1025 544 1063 Gratare
563 1056 574 1076 ‚
606 1024 732 1063 Iliacis
764 1030 929 1075 turaque
961 1036 1062 1074 pone
1096 1025 1215 1063 focis.

322 1083 497 1122 Caesaris
528 1084 773 1133 innumeris,
807 1094 882 1133 quo
915 1082 1051 1120 maluit
1081 1082 1145 1121 ille
1177 1084 1344 1134 mereri,

234 1151 303 1181 4⁶20
382 1142 557 1180 Accessit
588 1141 712 1179 titulis
744 1140 977 1191 pontificalis
1009 1140 1157 1180 honor.

322 1199 481 1251 ignibus
514 1200 684 1237 aeternis
716 1200 865 1237 aeterni
896 1200 1055 1237 numina
1087 1204 1275 1250 praesunt

381 1257 586 1297 Caesaris:
629 1258 784 1308 imperii
817 1258 977 1308 pignora
1008 1259 1141 1296 iuncta
1173 1257 1301 1296 vides.

321 1316 367 1355 Di
399 1317 542 1354 veteris
574 1314 712 1353 Troiae
731 1346 742 1366 ‚
775 1315 1001 1365 dignissima
1033 1315 1175 1366 praeda
1209 1315 1373 1369 ferenti,

379 1373 462 1419 Qua
493 1375 620 1425 gravis
652 1374 801 1412 Aeneas
835 1378 943 1412 tutus
976 1373 1022 1411 ab
1055 1373 1166 1412 hoste
1199 1372 1296 1413 fuit!

232 1442 299 1472 425
321 1432 442 1472 Ortus
474 1432 520 1470 ab
553 1433 682 1470 Aenea
714 1433 836 1482 tangit
868 1437 1030 1482 cognata
1063 1432 1244 1471 sacerdos

378 1491 574 1530 Numina:
619 1495 827 1541 cognatum
846 1521 856 1541 ‚
888 1489 1002 1529 Vesta
1021 1521 1031 1541 ‚
1063 1496 1174 1529 tuere
1207 1495 1345 1541 caput.

320 1549 426 1594 Quos
459 1554 591 1588 sancta
622 1549 727 1587 fovet
757 1548 820 1587 ille
853 1560 998 1600 manu,
1031 1548 1130 1587 bene
1163 1549 1289 1587 vivitis
1320 1550 1454 1600 ignes.

381 1607 505 1646 Vivite
536 1608 741 1646 inextincti
759 1637 769 1658 ‚
801 1607 1033 1658 flammaque
1066 1607 1222 1658 duxque
1241 1637 1253 1658 ‚
1284 1619 1448 1659 precor.

707 1697 743 1738 7.
775 1696 810 1738 B
837 1697 1035 1739 NON-F

321 1781 404 1820 Una
437 1786 527 1820 nota
558 1786 618 1820 est
649 1780 762 1819 Marti
792 1781 938 1819 Nonis:
982 1786 1131 1819 sacrata
1163 1780 1266 1831 quod
1298 1780 1372 1819 illis

233 1849 300 1880 430
379 1838 538 1890 Templa
569 1844 708 1890 putant
739 1839 848 1877 lucos
881 1838 1060 1877 Vediovis
1092 1843 1181 1877 ante
1213 1839 1333 1877 duos.

322 1897 509 1937 Romulus
541 1904 585 1936 ut
617 1908 708 1935 saxo
740 1897 872 1936 lucum
905 1896 1162 1935 circumdedit
1193 1896 1294 1948 alto,

380 1953 574 2003 ‘Quilibet
604 1951 704 1994 huc'
737 1956 866 2006 inquit
898 1951 1086 2005 ‘confuge
1105 1985 1116 2006 ,
1149 1961 1258 1994 tutus
1290 1951 1411 1993 eris.'

322 2015 353 2053 O
387 2026 503 2066 quam
535 2014 581 2052 de
615 2015 723 2053 tenui
755 2013 952 2052 Romanus
985 2015 1135 2063 origine
1168 2014 1312 2065 crevit,

380 2072 511 2111 Turba
543 2078 655 2111 vetus
687 2084 804 2123 quam
835 2083 913 2110 non
944 2072 1133 2110 invidiosa
1164 2070 1259 2109 suit!
1365 2105 1374 2109 -

233 2139 301 2171 435
321 2131 378 2170 Ne
410 2136 541 2170 tamen
572 2132 708 2181 ignaro
740 2131 888 2169 novitas
921 2129 992 2169 tihi
1023 2130 1190 2168 nominis
1222 2127 1373 2179 obstet,

381 2189 523 2241 Disce,
556 2191 642 2240 quis
674 2190 748 2227 iste
781 2188 877 2227 deus
896 2219 907 2240 ‚
939 2199 1056 2227 curve
1088 2193 1259 2225 vocetur·
1280 2188 1354 2225 ita.

322 2248 498 2298 luppiter
530 2252 590 2286 est
620 2248 771 2286 iuvenis
791 2277 800 2286 .
855 2245 1043 2285 iuvenalis
1075 2247 1204 2296 aspice
1236 2245 1385 2284 voltus:

381 2306 522 2357 Aspice
554 2305 694 2344 deinde
714 2336 725 2357 ,
757 2317 874 2344 manu
907 2304 1066 2343 fulmina
1098 2303 1202 2343 nulla
1233 2309 1362 2342 tenet.
