1570 2527
165 115 248 157 116
758 116 904 149 telms

280 225 358 263 Aut
389 230 426 263 te
459 224 644 263 devoveat
676 224 794 263 certis
826 223 978 263 Abdera
1010 223 1172 275 dlebus‚

340 282 515 333 Saxaque
548 283 730 321 devotum
762 282 949 332 grandine
981 282 1092 333 plura
1124 286 1280 332 petant.

281 341 357 380 Aut
389 341 489 379 Iovis
520 341 655 379 infesti
685 340 762 379 telo
795 341 936 379 feriare
968 340 1157 392 trisulco,

192 407 259 438 470
339 399 389 438 Ut
420 405 527 437 satus
557 398 791 450 Hipponoo,
824 398 1093 449 Dexionesque
1124 403 1258 449 pater,

282 457 332 495 L't
363 469 475 495 soror
506 457 704 496 Autonoes
725 488 735 508 ‚
766 462 809 496 ut
841 459 904 496 cui
936 463 1146 495 matertera
1176 456 1297 508 Maia,

339 514 389 553 Ut
419 521 566 553 temere
600 521 750 566 optatos
784 517 851 565 qui
881 515 978 553 male
1011 516 1113 553 rexit
1144 526 1291 565 equ0s3

281 573 330 612 Ut
362 574 470 612 ferus
500 572 678 611 Aeolides
697 605 708 624 ,
739 579 783 612 ut
814 574 1002 623 sanguine
1035 583 1151 611 sexus
1183 572 1343 624 eodem,

193 639 262 670 474
342 631 426 677 Quo
459 633 588 681 genita
620 637 680 669 est
710 630 867 681 liquidis
900 643 998 682 quae
1031 636 1138 669 caret
1168 630 1306 669 Arctos
1339 630 1474 683 aquis,

197 711 245 716 —
281 689 331 728 Ut
357 689 502 728 Macelo
530 689 676 740 rapidis
701 691 777 728 icta
803 695 863 728 est
888 701 976 728 cum
1003 690 1168 740 coniuge
1194 688 1383 740 flammis,

341 748 404 786 Sic
424 779 434 799 ‚
465 760 606 798 precor
625 780 636 800 ,
668 748 831 786 aetherii
861 748 1025 786 vindicis
1057 749 1146 798 igne
1178 747 1315 786 cadas.

280 806 507 857 Praedaque
540 808 593 845 sis
624 806 728 858 illis,
761 805 904 857 quibus
936 812 996 844 est
1026 805 1187 844 Latonia
1218 804 1332 843 Delos

339 865 439 903 Ante
471 864 574 903 diem
605 869 716 915 rapto
749 876 826 902 non
858 864 1034 902 adeunda
1065 864 1216 902 Thaso:

283 922 437 973 Quique
469 922 712 961 verecundae
745 922 1010 973 speculantem
1041 921 1149 960 labra
1179 921 1347 973 Dianae,

194 988 262 1020 480
343 981 496 1031 Quique
529 980 787 1032 Crotopiaden
819 981 1017 1031 diripuere
1049 979 1216 1019 Linum.

282 1039 387 1077 Neve
419 1045 607 1078 venenato
639 1039 762 1077 levius
794 1039 946 1077 feriaris
978 1038 1025 1076 ab
1058 1050 1205 1089 angue,

342 1097 466 1142 Quam
498 1098 603 1136 senis
636 1097 777 1147 Oeagri
809 1096 1077 1147 Calliopesque
1109 1108 1257 1134 nurus:

284 1155 407 1200 Quam
433 1167 532 1206 puer
557 1155 812 1206 Hypsipyles,
845 1167 961 1206 quam
993 1156 1060 1205 qui
1085 1166 1176 1193 cava
1203 1155 1354 1205 primus
1387 1158 1496 1193 acuta

343 1213 510 1264 Cuspide
544 1215 718 1264 suspecti
749 1213 890 1252 robora
921 1214 1004 1252 fixit
1035 1214 1149 1264 equi.

195 1280 262 1311 485
289 1271 393 1310 Neve
425 1271 568 1322 gradus
599 1271 713 1310 adeas
745 1271 938 1322 Elpenore
972 1273 1123 1310 cautius
1155 1270 1275 1322 altos,
1443 1279 1498 1311 (23)

344 1329 507 1380 Vimque
540 1330 641 1368 feras
674 1331 752 1368 vini
784 1342 860 1380 quo
893 1329 983 1368 tulit
1012 1329 1075 1368 ille
1107 1328 1245 1367 modo.

284 1388 456 1439 Tamque
495 1388 609 1426 cadas
648 1388 848 1439 domitus,
887 1399 1001 1438 quam
1039 1388 1217 1438 quisquis
1257 1386 1304 1425 ad
1336 1398 1441 1426 arma

1014 1451 1219 1484 vocantem

344 1504 444 1543 Iuvit
475 1503 731 1543 inhumanum
762 1503 1040 1543 Thiodamanta
1071 1503 1247 1554 Dryops:

287 1561 431 1614 [Quam
463 1563 570 1602 ferus
601 1564 685 1613 ipse
718 1575 788 1602 suo
821 1564 938 1613 periit
969 1567 1159 1601 mactatus
1190 1563 1230 1600 in
1262 1565 1373 1600 antro

197 1629 265 1660 490
344 1620 528 1659 Proditus
560 1620 733 1660 inclusae
767 1620 889 1659 Cacus
922 1621 968 1659 ab
1001 1633 1068 1659 ore
1100 1619 1210 1658 bovis
1224 1619 1251 1669 z]

287 1679 410 1724 Quam
443 1680 510 1729 qui
542 1679 642 1717 dona
673 1679 762 1717 tulit
792 1679 938 1717 Nesseo
971 1681 1092 1717 tincta
1122 1689 1297 1729 veneno,

344 1736 617 1787 Euboicasque
650 1748 720 1775 suo
752 1738 907 1775 nomine
940 1738 1064 1786 saepit
1094 1747 1236 1786 aquas.

285 1794 365 1833 Nec
397 1794 444 1833 de
476 1796 680 1845 praecipiti
712 1796 841 1832 venias
873 1796 913 1832 in
945 1794 1105 1833 Tartara
1137 1805 1251 1845 saxo,

343 1852 393 1891 Ut
425 1854 492 1903 qui
524 1852 765 1891 Socraticum
799 1852 845 1891 de
878 1864 973 1891 nece
1005 1852 1098 1903 legit
1129 1863 1255 1903 opus;

197 1919 266 1951 495
287 1911 337 1950 Ut
370 1913 437 1961 qui
468 1911 642 1949 Theseae
675 1910 822 1949 fallacia
852 1910 934 1949 vela
967 1912 1120 1949 carinae

345 1968 477 2020 Vidit,
509 1975 553 2008 ut
583 1969 697 2008 Iliaca
728 1970 870 2007 missus
901 1968 947 2007 ab
980 1981 1068 2007 arce
1101 1981 1223 2020 puer,

286 2027 337 2067 Ut
367 2028 495 2066 teneri
525 2028 658 2066 nutrix
676 2057 687 2078 ‚
719 2027 853 2065 eadem
885 2032 1095 2066 matertera
1114 2059 1124 2078 ,
1156 2026 1321 2078 Bacchi,

346 2085 396 2124 Ut
428 2087 491 2124 cui
523 2097 639 2124 causa
670 2087 777 2124 necis
810 2097 918 2124 serra
949 2092 1105 2136 reperta
1137 2085 1232 2137 fuit3

203 2165 252 2172 —
289 2143 407 2195 Lydia
439 2156 479 2182 se
512 2143 683 2195 scopulis
715 2149 758 2182 ut
789 2145 895 2195 virgo
928 2145 1034 2183 misit
1065 2143 1111 2182 ab
1144 2143 1255 2195 altis,

200 2209 268 2241 500
348 2201 507 2240 Dixerat
538 2204 658 2241 invito
691 2214 789 2253 quae
821 2202 918 2241 mala
949 2201 1066 2240 verba
1098 2201 1170 2240 deo
1189 2232 1198 2240 .

287 2259 380 2299 Feta
411 2259 482 2298 tibi
513 2267 695 2300 occurrat
725 2262 850 2312 patrio
881 2259 1080 2312 popularis
1110 2261 1148 2298 in
1182 2272 1297 2311 arvo,

348 2317 483 2369 Sitque
515 2317 748 2358 Phalaeceae
782 2331 896 2358 causa
927 2318 1060 2358 leaena
1090 2319 1222 2359 necis.
