1570 2527
183 96 272 138 320
727 98 981 131 FASTORUM

214 214 281 246 305
303 206 467 257 Respice
501 206 764 245 Thestiaden:
808 206 972 245 flammis
1004 207 1231 246 absentibus
1262 209 1381 260 arsit3

362 264 484 303 Causa
517 269 606 315 est,
639 264 742 315 quod
775 263 950 303 Phoebes
983 277 1047 304 ara
1079 267 1162 304 sine
1194 266 1283 317 igne
1317 267 1412 306 fuit.

302 323 466 373 Respice
499 322 756 361 Tantaliden:
800 323 934 362 eadem
967 324 1037 362 dea
1068 323 1151 362 vela
1183 324 1362 363 tenebat.

361 380 476 431 Virgo
509 386 597 432 est,
629 388 668 419 et
699 387 851 432 spretos
884 381 943 420 bis
976 388 1104 421 tamen
1137 382 1215 421 ulta
1247 383 1376 422 focos.

302 438 508 491 Hippolyte
540 439 673 477 infelix
694 471 704 491 ‚
738 439 854 478 velles
886 439 1054 479 coluisse
1086 440 1260 493 Dionen,

214 505 282 536 310
361 497 457 536 Cum
491 499 751 536 consternatis
784 498 1011 548 diripereris
1046 500 1178 549 equis.

303 555 432 606 Longa
465 556 613 594 referre
648 568 755 594 mora
788 561 846 594 est
878 562 1056 595 correcta
1088 556 1225 595 oblivia
1258 557 1429 596 damnis.

361 613 420 652 Me
455 627 610 665 quoque
644 614 803 653 Romani
837 616 1076 665 praeteriere
1107 620 1260 666 patres.

303 672 403 717 Quid
439 673 635 724 facerem,
668 685 738 723 per
770 673 872 723 quod
906 674 1040 712 fierem
1074 674 1275 712 manifesta
1307 671 1486 713 doloris?

362 730 567 781 Exigerem
601 737 756 770 nostrae
790 731 916 782 qualia
948 732 1085 770 damna
1117 730 1265 771 notae?

214 797 282 828 315
305 789 458 827 Excidit
490 790 661 828 officium
693 791 796 829 tristi
828 790 949 829 mibi.
1007 790 1109 829 nulla
1141 789 1279 829 tuebar

361 848 494 899 Rura,
526 860 599 886 nec
631 849 670 886 in
703 850 828 899 pretio
863 848 1001 887 fertilis
1033 848 1172 887 hortus
1204 854 1310 888 erat:

302 905 396 944 Lilia
429 905 682 958 deciderant,
716 906 834 945 violas
866 919 976 945 arere
1009 906 1160 945 videres
1179 938 1190 958 ‚

360 964 518 1015 Filaque
551 966 708 1015 punicei
740 964 919 1015 languida
952 965 1050 1004 facta
1082 967 1213 1004 croci.

304 1022 426 1073 Saepe
460 1022 553 1061 mihi
585 1023 785 1074 Zephyrus
819 1020 965 1061 “dotes
999 1035 1252 1074 corrumpere
1285 1021 1364 1061 noli

214 1089 282 1120 320
362 1081 447 1132 Ipsa
482 1078 605 1119 tuas''
638 1081 761 1120 dixit.
817 1082 886 1120 dos
919 1081 1012 1119 mihi
1045 1081 1128 1120 vilis
1161 1086 1268 1120 erat.

301 1139 510 1178 Florebant
542 1139 647 1178 oleae
667 1171 677 1190 ,
710 1141 813 1177 venti
846 1151 1016 1178 nocuere
1048 1141 1243 1190 protervi:

361 1197 569 1236 Florebant
600 1203 781 1249 segetes,
814 1198 1001 1248 grandine
1033 1197 1134 1237 laesa
1167 1197 1309 1237 Ceres:

302 1255 344 1294 In
377 1268 444 1306 spe
479 1257 566 1294 vitis
600 1261 710 1307 erat,
743 1256 893 1294 caelum
926 1258 1111 1307 nigrescit
1143 1256 1189 1294 ab
1222 1257 1365 1295 austris

361 1313 410 1352 Et
442 1313 570 1352 subita
603 1314 761 1352 frondes
793 1315 1046 1353 decutiuntur
1077 1327 1196 1365 aqua.

213 1380 281 1411 325
303 1372 382 1411 Nec
414 1372 518 1411 volui
550 1373 633 1411 fieri
653 1404 663 1424 ,
696 1385 768 1411 nec
802 1385 887 1412 sum
921 1373 1090 1412 crudelis
1121 1375 1161 1411 in
1193 1374 1273 1425 ira3

361 1430 460 1470 Cura
494 1430 707 1482 repellendi
740 1431 807 1469 sed
840 1431 935 1469 mihi
967 1431 1069 1469 nulla
1104 1431 1196 1469 suit.

302 1489 527 1528 Convenere
559 1496 689 1541 patres
708 1521 719 1540 ,
752 1496 818 1541 et,
852 1492 884 1528 si
915 1489 1014 1528 bene
1046 1490 1183 1528 ssoreat
1213 1501 1361 1541 annus,

360 1547 593 1587 Numinibus
628 1549 772 1587 nostris
805 1560 931 1587 annua
964 1549 1060 1587 festa
1093 1554 1253 1586 vovent.

301 1607 520 1645 Annuimus
552 1612 668 1645 voto.
725 1606 862 1645 consul
895 1619 982 1646 cum
1016 1605 1175 1646 consule
1207 1605 1319 1645 ludos

213 1672 282 1703 330
361 1664 560 1703 Postumio
594 1665 741 1703 Laenas
773 1665 1000 1716 persoluere
1034 1661 1170 1704 mihi.'

303 1722 500 1768 Quaerere
534 1723 729 1773 conabar,
763 1735 882 1773 quare
915 1723 1068 1762 lascivia
1101 1724 1222 1761 maior

359 1780 428 1819 His
460 1781 561 1819 foret
592 1783 631 1819 in
663 1781 765 1819 ludis
796 1780 1033 1831 liberiorque
1066 1782 1199 1819 iocus.

303 1838 378 1877 Sed
413 1838 505 1877 mibi
538 1840 763 1891 succurrit,
797 1851 939 1878 numen
974 1851 1050 1877 non
1083 1851 1169 1877 esse
1202 1850 1404 1891 severum,

360 1898 536 1948 Aptaque
569 1897 717 1936 deliciis
750 1909 911 1936 munera
944 1898 1046 1935 serre
1080 1897 1212 1936 deam.

212 1964 279 1995 335
301 1955 492 2006 Tempora
525 1955 706 1994 sutilibus
739 1958 949 2006 cinguntur
982 1961 1059 1994 tota
1092 1956 1270 2007 coroniS,
1464 1976 1513 1982 —

360 2013 409 2053 Et
439 2014 533 2053 latet
565 2016 706 2053 iniecta
740 2014 940 2065 splendida
973 2026 1106 2053 mensa
1136 2025 1247 2053 rosa.

301 2071 443 2111 Ebrius
476 2074 657 2111 incinctis
689 2072 838 2124 philyra
871 2074 1029 2111 conviva
1062 2071 1209 2122 capillis

361 2130 512 2183 Saltat‚
544 2137 583 2170 et
614 2131 841 2181 imprudens
875 2132 998 2170 utitur
1031 2136 1112 2169 arte
1146 2130 1264 2168 meri.

303 2188 444 2228 Ebrius
476 2189 522 2227 ad
556 2189 696 2227 durum
730 2189 920 2228 formosae
954 2189 1071 2228 limen
1103 2190 1248 2227 amicae

213 2255 282 2285 340
362 2247 527 2299 Cantat,
558 2247 703 2286 habent
735 2253 874 2286 unctae
907 2247 1032 2286 mollia
1066 2252 1168 2285 serta
1200 2257 1355 2285 comae.

301 2304 412 2343 Nulla
444 2311 628 2344 coronata
659 2311 902 2358 peraguntur
935 2307 1035 2344 seria
1067 2306 1224 2357 fronte,
