1570 2527
599 126 658 159 IV.
686 133 729 158 VI
749 127 905 158 34—v11
925 127 980 159 54.
1117 134 1122 139 ·
1384 122 1466 163 195

302 233 388 285 Ipsa
422 239 551 272 tamen
585 235 709 272 virtus
741 234 877 272 ordine
912 232 1164 272 maior'erit.

243 291 328 331 Non
360 299 476 343 negat
507 293 581 331 hoc
613 292 775 344 Hister,
809 295 920 331 cuius
953 299 1019 331 tua
1051 292 1210 331 dextera
1244 291 1438 342 quondam

179 359 223 390 20
303 350 515 390 Puniceam
548 351 682 390 Getico
717 353 905 402 sanguine
940 351 1033 390 fecit
1065 363 1226 402 aquam.

244 409 327 448 Non
362 417 477 461 negat
509 410 700 462 Aegisos,
734 422 832 461 quae
866 416 904 448 te
937 410 1131 448 subeunte
1165 415 1320 460 recepta

305 468 436 507 Sensit
468 470 508 506 in
540 470 696 520 ingenio
730 469 784 507 nil
817 471 902 520 opis
936 481 1021 507 esse
1055 469 1150 507 loci.

244 527 370 579 Nam,
403 527 597 579 dubium,
629 529 760 579 positu
794 528 933 566 melius
967 528 1127 566 defensa
1158 539 1352 578 manuue,

304 585 406 625 Urbs
439 592 523 625 erat
554 588 594 625 in
628 599 779 625 summo
812 587 983 625 nubibus
1017 598 1138 637 aequa
1169 588 1282 636 iugo.

181 652 224 683 25
249 644 426 683 Sithonio
459 647 544 696 regi
576 646 684 684 ferus
716 647 980 697 interceperat
1011 645 1113 684 illan]

303 702 435 742 Hostis
469 710 506 742 et
540 711 693 756 ereptas
727 706 850 743 victor
882 704 1049 743 habebat
1081 716 1197 755 opes;

245 761 376 801 Donec
408 763 592 801 fluminea
626 763 785 819 devecta
818 763 996 802 Vitellius
1030 763 1132 801 unda

305 820 469 872 Intulit,
503 823 679 872 exposito
712 822 834 860 milite
854 854 864 873 ,
898 824 1006 872 signa
1039 821 1169 859 Getis.

246 880 294 917 At
327 879 397 917 tibi
417 911 427 931 ,
459 882 667 931 progenies
701 880 766 918 alti
800 880 1011 918 fortissima
1043 879 1194 931 Donni,

183 946 226 977 30
306 937 420 976 Venit
451 940 492 977 in
524 939 708 977 adversos
742 940 912 989 impetus
944 941 1002 977 ire
1035 940 1164 976 viros.

246 996 326 1035 Nec
359 1009 497 1049 mora,
530 999 767 1048 conspicuus
800 998 914 1048 longe
948 996 1189 1048 fulgentibus
1222 998 1364 1049 armis,

306 1055 437 1094 Fortia
469 1068 517 1094 ne
550 1058 703 1107 possint
736 1057 835 1095 facta
868 1057 989 1095 latere
1009 1089 1019 1107 ,
1053 1068 1189 1107 caves,

249 1114 478 1165 lugentique
512 1115 635 1165 gradu
668 1123 804 1154 contra
837 1116 1067 1166 ferrumque
1098 1115 1306 1166 locumque

307 1172 483 1224 Saxaque
516 1173 684 1212 brumali
716 1174 904 1225 grandine
938 1174 1049 1224 plura
1082 1173 1214 1212 subis.

184 1239 228 1270 35
249 1231 328 1270 Nec
362 1237 399 1270 te
433 1233 549 1270 inissa
583 1244 703 1283 super
734 1233 951 1271 iaculorum
984 1232 1098 1271 turba
1133 1238 1330 1284 moratur,

306 1290 387 1329 Nec
420 1302 519 1341 quae
552 1293 710 1341 vipereo
746 1291 818 1330 tela
852 1303 994 1330 cruore
1027 1291 1206 1329 madent.

249 1348 406 1400 Spicula
440 1361 529 1388 cum
561 1351 679 1400 pictis
711 1350 875 1389 haerent
906 1352 946 1388 in
980 1350 1129 1388 casside
1162 1351 1316 1402 pinnis,

306 1407 481 1458 Parsque
515 1409 596 1447 sere
631 1411 733 1447 scuti
766 1409 925 1447 vulnere
959 1408 1064 1447 nulla
1096 1415 1227 1447 vacat.

248 1467 328 1505 Nec
360 1479 504 1517 corpus
538 1474 702 1506 cunctos
735 1467 901 1506 feliciter
934 1468 1070 1518 effugit
1102 1468 1227 1506 ictus:
1400 1477 1474 1509 (120)

184 1533 228 1564 40
309 1525 385 1563 Sed
419 1527 546 1564 minor
579 1533 639 1565 est
671 1528 752 1565 acri
783 1526 908 1565 laudis
941 1538 1071 1565 amore
1105 1526 1237 1564 dolor.

250 1583 353 1622 Talis
386 1584 487 1635 apud
521 1585 677 1623 Troiam
709 1585 850 1624 Danais
883 1597 952 1636 pro
986 1584 1148 1623 navibus
1180 1585 1271 1622 Aiax

309 1643 462 1682 Dicitur
493 1643 707 1682 Hectoreas
741 1646 976 1683 sustinuisse
1010 1644 1137 1682 faces.

250 1701 297 1741 Ut
329 1704 492 1753 propius
522 1708 680 1741 ventum
713 1709 801 1754 est,
835 1704 1066 1753 admotaque
1100 1703 1259 1741 dextera
1293 1703 1474 1755 dextrae,

309 1760 465 1812 Resque
499 1761 582 1799 sero
615 1762 744 1812 potuit
775 1763 994 1800 comminus
1027 1773 1120 1799 ense
1154 1763 1260 1812 geri,

185 1827 228 1858 45
249 1819 388 1858 Dicere
421 1819 578 1859 difficile
611 1825 698 1871 est,
735 1821 827 1871 quid
861 1820 963 1858 Mars
996 1826 1087 1858 tuus
1121 1821 1244 1871 egerit
1277 1820 1378 1872 illie,

309 1878 490 1930 Quotque
517 1880 605 1918 neci
631 1879 814 1932 dederis,
844 1891 1049 1931 quosque,
1077 1879 1298 1930 quibusque
1327 1879 1472 1918 modis.

249 1937 352 1975 Ense
385 1943 453 1976 tuo
486 1938 609 1977 factos
642 1938 816 1977 calcabas
849 1940 973 1976 victor
1006 1950 1188 1990 acervos,

308 1996 561 2047 Inpositoque
595 1996 711 2035 Getes
745 1996 816 2035 sub
849 1997 947 2047 pede
980 1997 1127 2035 multus
1161 2002 1265 2035 erat.

249 2054 402 2105 Pugnat
432 2055 478 2093 ad
511 2056 734 2106 exemplum
765 2056 884 2106 primi
914 2057 1042 2093 minor
1076 2055 1212 2093 ordine
1245 2055 1336 2108 pili,

187 2121 230 2153 50
310 2113 506 2165 Multaque
540 2115 617 2152 sert
648 2114 759 2152 miles
792 2114 980 2165 vulnera,
1014 2113 1134 2152 multa
1167 2113 1281 2152 facit.

251 2171 327 2211 Sed
360 2178 510 2211 tantum
543 2175 668 2211 virtus
701 2173 794 2212 alios
828 2179 892 2211 tua
925 2174 1114 2223 praeterit
1147 2184 1306 2225 omnes,

309 2232 407 2270 Ante
440 2233 538 2270 citos
571 2237 760 2283 quantum
793 2231 964 2281 Pegasus
997 2231 1077 2269 ibat
1109 2243 1253 2282 equos.

250 2290 427 2328 Vincitur
459 2292 648 2342 Aegisos.
706 2295 923 2341 testataque
957 2296 1111 2341 tempus
1143 2292 1184 2328 in
1216 2302 1330 2329 omne

311 2348 411 2388 Sunt
443 2355 537 2402 tua,
570 2349 764 2402 Vestalis,
797 2350 968 2388 carmine
1001 2349 1100 2388 facta
1132 2361 1241 2388 meo.

1191 2417 1260 2449 13*
