1570 2527
552 161 616 193 111.
643 168 709 193 1111
730 162 849 193 82—v
871 162 926 193 34.
1331 156 1414 198 179

717 291 773 340 V.

188 385 312 432 Quam
344 385 441 437 legis
460 417 471 438 ,
503 386 607 425 unde
641 385 712 425 tihi
744 387 923 425 mittatur
957 385 1122 437 epistula
1141 417 1152 438 ,
1186 383 1380 437 quaeris?

246 444 347 484 Hinc
365 477 377 497 ,
408 444 477 484 ubi
509 444 700 484 caeruleis
733 447 910 496 iungitur
942 444 1075 484 Hister
1108 447 1243 496 aquiS.

188 503 238 543 Ut
269 505 377 555 regio
411 504 513 543 dicta
546 510 635 556 est,
668 516 905 543 succurrere
938 503 1055 543 dehet
1088 510 1126 543 et
1158 509 1319 555 auctor,

247 562 394 601 Laesus
427 562 473 601 ab
507 564 663 614 ingenio
697 562 798 602 Naso
831 569 947 614 poeta
980 575 1074 601 suc.

146 629 167 660 5
188 621 265 667 Qui
295 620 368 660 tibi
385 652 396 673 ,
429 633 546 673 quam
578 621 709 661 mallet
740 634 928 672 praesens
961 622 1101 660 afferre
1135 621 1323 673 salutem,

248 679 368 719 Mittit
400 680 446 719 ab
479 681 645 719 hirsutis
664 712 675 733 ,
707 680 872 719 Maxime
906 680 1017 719 Cotta
1037 712 1048 732 ,
1081 680 1213 719 Getis.

187 738 371 790 Legimus
391 771 401 791 ,
434 751 456 778 ο
488 740 640 778 iuvenis
673 741 790 790 patrii
822 751 900 778 non
933 739 1106 790 degener
1139 740 1243 790 oris,

246 797 357 837 Dicta
389 797 458 836 tibi
492 797 606 848 pleno
639 797 758 836 verba
790 797 936 836 diserta
969 798 1077 836 soro,

190 856 298 902 Quae
331 867 567 907 quamquam
598 856 731 908 lingua
763 856 858 895 mihi
890 863 984 895 sunt
1015 863 1253 907 properante
1286 869 1357 908 per

923 914 1038 953 horas
1364 937 1411 942 --

125 983 168 1014 10
242 973 362 1013 Lecta
394 975 487 1013 satis
519 973 662 1013 multas
681 1005 692 1026 ,
723 986 846 1025 pauca
880 973 1000 1013 fuisse
1034 985 1203 1025 queror.

186 1032 305 1072 Plura
337 1032 406 1072 sed
438 1032 534 1072 haec
566 1033 642 1072 feci
674 1033 885 1084 relegendo
918 1044 1065 1084 saepe,
1098 1045 1170 1072 nec
1203 1044 1390 1084 umquam

247 1091 333 1130 Non
366 1091 489 1138 mihi,
523 1104 639 1143 quam
671 1093 798 1143 primo
819 1123 829 1143 ,
861 1098 969 1143 grata
1003 1092 1113 1130 fuere
1147 1093 1291 1143 magis.

189 1150 366 1201 Cumque
399 1150 495 1189 nihil
527 1152 671 1190 totiens
705 1151 803 1189 lecta
837 1163 857 1189 e
890 1150 1098 1190 dulcedine
1131 1151 1320 1202 perdant,

248 1208 406 1248 Viribus
439 1209 501 1248 illa
534 1211 617 1248 suis
638 1241 647 1259 ,
680 1222 758 1248 non
791 1211 962 1248 novitate
982 1241 992 1261 ,
1026 1209 1203 1261 placent.

126 1278 167 1308 15
189 1267 341 1307 Felices
361 1300 371 1319 ,
404 1267 547 1319 quibus
580 1268 676 1307 haec
707 1270 793 1319 ipso
826 1275 1066 1318 cognoscere
1099 1269 1139 1307 in
1171 1275 1285 1319 actu,

248 1326 298 1366 Et
329 1332 407 1365 tam
441 1326 608 1365 facundo
643 1328 808 1378 contigit
839 1338 907 1365 ore
942 1325 1043 1365 frui!

187 1385 284 1424 Nam
318 1397 554 1437 quamquam
586 1397 702 1437 sapor
735 1393 794 1424 est
826 1385 949 1424 adlata
983 1384 1108 1424 dulcis
1140 1386 1179 1424 in
1213 1385 1339 1438 unda,

248 1443 408 1484 Gratius
441 1456 485 1483 ex
519 1446 605 1496 ipso
639 1445 745 1483 sonte
778 1443 969 1483 bibuntur
1002 1456 1148 1495 aquae.

190 1503 239 1542 Et
270 1504 392 1554 magis
426 1502 593 1542 adducto
626 1515 784 1555 pomum
818 1503 1032 1554 decerpere
1066 1514 1197 1555 ramo,
1359 1511 1416 1544 (95)

123 1570 168 1602 20
248 1561 374 1608 Quam
406 1561 453 1601 de
487 1561 632 1601 caelata
665 1574 822 1601 sumere
855 1561 964 1601 lance
996 1563 1124 1601 iuvat.

187 1621 237 1660 At
268 1622 344 1660 nisi
376 1632 633 1674 peccassem,
666 1622 740 1660 nisi
773 1633 834 1660 me
867 1633 952 1659 mea
985 1620 1094 1659 Musa
1129 1620 1325 1673 fugasset,

248 1679 360 1725 Quod
392 1680 498 1731 legi,
531 1687 597 1719 tua
628 1692 702 1718 vox
735 1679 979 1719 exhibuisset
1011 1691 1134 1730 opus.

191 1738 317 1790 thue
350 1739 406 1777 sui
439 1738 601 1790 solitus,
634 1739 825 1778 sedissem
858 1739 1022 1777 forsitan
1055 1751 1158 1778 unus

249 1797 304 1836 De
337 1804 494 1837 centum
527 1797 643 1836 iudex
676 1799 716 1836 in
752 1806 815 1837 tua
850 1797 966 1836 verba
999 1799 1113 1836 viris:

123 1865 167 1897 25
187 1856 310 1896 Maior
343 1863 381 1896 et
412 1856 614 1908 implesset
646 1857 875 1908 praecordia
908 1862 1041 1896 nostra
1073 1856 1275 1908 voluptas,

249 1915 346 1955 Cum
379 1915 558 1955 traherer
590 1915 704 1955 dictis
738 1916 1031 1967 adnueremque
1064 1917 1166 1955 tuis,

188 1974 314 2020 Quem
347 1975 530 2026 quoniam
564 1975 685 2014 satum
719 1974 827 2014 vobis
861 1977 1063 2026 patriaque
1096 1974 1244 2013 relictis

248 2032 356 2072 Inter
387 2032 622 2072 inhumanos
654 2033 791 2073 maluit
823 2045 909 2072 esse
943 2033 1083 2083 Getas,

189 2091 303 2138 Quod
335 2091 456 2145 licet,
488 2100 532 2131 ut
563 2092 696 2132 videar
728 2099 859 2132 tecum
892 2093 1015 2143 magis
1048 2103 1134 2130 esse
1156 2124 1165 2142 ‚
1198 2091 1360 2142 legenda

124 2160 168 2191 30
250 2150 373 2202 Saepe
393 2181 404 2203 ,
436 2163 608 2204 precor,
640 2152 759 2191 studii
792 2153 954 2203 pignora
987 2152 1097 2189 mitte
1132 2152 1209 2189 tuit

187 2209 455 2261 Exemploque
487 2222 606 2263 meo,
637 2212 713 2250 nisi
746 2210 969 2261 dedignaris
1002 2209 1041 2248 id
1074 2210 1228 2261 ipsum,

246 2268 365 2308 Utere
385 2300 396 2322 ,
429 2269 532 2320 quod
565 2268 678 2309 nobis
710 2271 859 2308 rectius
884 2270 968 2320 ipse
1002 2267 1139 2307 dares.

188 2328 363 2379 Namque
396 2339 495 2380 eg0,
528 2330 595 2379 qui
621 2329 720 2380 perii
752 2330 828 2367 iam
854 2327 1006 2380 pridem
1023 2360 1033 2380 ,
1059 2326 1223 2366 Maxime
1244 2360 1254 2380 ,
1281 2327 1412 2380 vobis,

247 2386 407 2438 Ingenio
439 2389 544 2427 nitor
576 2399 654 2426 non
686 2388 851 2438 periisse
884 2398 994 2426 meo.

1134 2452 1201 2487 12*
