1570 2527
534 106 575 139 V.
601 113 629 138 x
651 107 804 140 18--X11
825 107 856 138 2.
1314 103 1370 144 97

658 236 736 284 ΧΙ.

147 331 260 377 Quod
292 337 330 371 te
362 332 495 370 nescio
529 332 616 382 quis
647 342 719 381 per
751 332 877 381 iurgia
909 330 1051 369 dixerit
1083 340 1169 369 esse

146 389 281 429 Exulis
312 402 505 442 uxorem,
537 389 666 428 littera
700 394 837 440 questa
869 394 935 427 tua
967 394 1049 428 est.

147 448 329 500 Indolui,
362 460 440 487 non
472 454 551 487 tam
583 459 668 487 mea
701 447 804 498 quod
838 447 993 486 fortuna
1026 446 1124 485 male
1157 446 1287 495 audit,

149 506 224 552 Qui
257 508 332 545 iam
366 508 552 546 consuevi
584 507 739 545 fortiter
772 518 858 544 esse
892 507 1035 558 miser,

108 573 128 604 5
151 565 275 611 Quam
302 565 405 616 quod
420 597 430 617 ‚
458 567 521 604 cui
547 566 706 604 minime
732 564 894 616 vellem,
928 576 1013 603 sum
1041 576 1156 603 causa
1187 564 1371 617 pudoris,

148 623 283 674 Teque
315 636 406 663 reor
438 625 584 662 nostris
618 622 823 662 erubuisse
857 622 990 662 malis.

146 682 284 721 Perfer
317 688 355 721 et
387 682 564 721 obdura!
608 681 730 720 multo
764 683 940 732 graviora
972 681 1117 733 tulisti,

148 740 304 792 Eripuit
337 753 426 779 cum
459 752 519 779 me
551 741 743 791 principis
775 741 831 778 ira
864 739 957 778 tibi.

149 799 312 838 Fallitur
344 800 418 838 iste
452 804 581 837 tamen
600 830 611 850 ‚
644 810 720 849 quo
753 798 882 836 iudice
914 799 1095 836 nominor
1128 798 1241 837 exul:

85 866 127 896 10
148 857 300 896 Mollior
333 863 393 896 est
424 857 578 908 culpam
610 868 735 908 poena
767 861 900 895 secuta
932 868 1082 895 meam.

148 916 313 955 Maxima
344 927 469 967 poena
501 915 596 954 mihi
629 921 716 967 est,
748 914 880 966 Ipsum
911 914 1149 966 offendisse,
1182 916 1373 966 priusque

149 975 328 1014 Venisset
359 974 512 1013 mallem
545 975 694 1013 funeris
727 974 822 1012 hora
854 973 972 1012 mihi.

150 1034 298 1080 Quassa
319 1039 448 1072 tamen
475 1038 609 1072 nostra
630 1038 710 1085 est,
732 1045 809 1071 non
831 1044 958 1070 mersa
984 1044 1056 1071 nec
1079 1031 1218 1071 obruta
1241 1034 1373 1084 navis,

149 1092 277 1143 thue
310 1097 418 1131 caret
449 1097 566 1143 portu
586 1123 596 1142 ‚
629 1093 684 1130 sic
718 1097 847 1130 tamen
880 1096 986 1129 extat
1018 1092 1151 1142 aquis.

88 1158 129 1189 15
150 1151 230 1189 Nec
263 1152 379 1190 vitam
411 1162 484 1189 nec
517 1162 610 1201 opes
644 1161 716 1188 nec
748 1151 809 1188 ius
842 1149 937 1188 mihi
969 1150 1063 1188 civis
1096 1149 1264 1202 ademit,

151 1209 259 1255 Quae
292 1210 420 1248 merui
451 1210 542 1247 vitio
576 1208 742 1259 perdere
777 1214 919 1247 cuncta
953 1208 1083 1259 meo3'

152 1267 229 1306 Sed
262 1269 352 1319 quia
384 1272 544 1318 peccato
578 1267 729 1306 facinus
762 1279 841 1305 non
874 1267 985 1305 assuit
1016 1266 1071 1304 illi
1083 1296 1095 1319 ἴ

150 1326 212 1365 Nil
243 1327 320 1365 nisi
351 1338 412 1365 me
445 1327 582 1378 patriis
614 1327 729 1364 iussit
762 1325 897 1364 abesse
932 1326 1051 1363 focis.

150 1385 278 1436 thue
305 1385 389 1423 aliis
409 1416 419 1436 ,
446 1396 614 1435 quorum
640 1396 849 1423 numerum
876 1382 1159 1434 comprendere
1186 1395 1264 1422 non
1291 1390 1374 1436 est,

87 1451 130 1482 20
152 1443 386 1483 Caesareum
419 1455 565 1482 numen
592 1444 654 1481 -sic
686 1443 782 1481 mihi
815 1443 907 1480 mite
942 1442 1037 1481 fuit.

151 1502 238 1553 Ipse
271 1501 462 1553 relegati,
494 1513 572 1540 non
607 1501 730 1539 exulis
763 1502 887 1539 utitur
919 1502 959 1538 in
992 1512 1052 1539 me

151 1560 344 1599 Nomine:
383 1565 466 1599 tuta
499 1572 569 1598 suo
601 1559 730 1598 iudice
764 1571 879 1598 causa
912 1571 997 1597 mea
1030 1564 1112 1598 est.

152 1619 241 1658 Iure
274 1620 393 1669 igitur
425 1618 560 1657 laudes
579 1649 590 1670 ‚
624 1617 793 1670 Caesar,
826 1630 897 1669 pro
929 1623 1040 1668 parte
1075 1616 1175 1656 virili

153 1677 331 1717 Carmina
363 1683 497 1716 nostra
530 1682 616 1715 tuas
651 1676 949 1727 qualiacumque
982 1680 1150 1727 canunt3

88 1744 131 1776 25
152 1736 241 1775 Iure
275 1736 395 1787 deos,
430 1741 474 1775 ut
505 1735 631 1774 adhuc
665 1735 761 1774 caeli
793 1734 863 1774 tibi
894 1734 1026 1773 limina
1059 1734 1262 1786 claudant,

153 1795 287 1846 Teque
319 1794 440 1833 velint
471 1796 555 1832 sine
589 1806 659 1846 se,
693 1806 923 1845 comprecor
942 1824 953 1845 ⁷
985 1805 1071 1831 esse
1105 1792 1245 1831 deum.

153 1853 271 1904 Optat
295 1853 399 1891 idem
419 1852 614 1904 popnlus3
654 1852 721 1891 sed
748 1859 791 1892 ut
817 1854 857 1890 in
884 1864 990 1890 mare
1017 1851 1177 1890 flumina
1204 1856 1374 1903 vastum,

153 1911 218 1951 Sic
251 1911 349 1950 solet
381 1913 541 1962 exiguae
575 1923 736 1950 currere
769 1912 876 1950 rivus
909 1922 1054 1961 aquae.

153 1970 201 2008 At
233 1975 275 2009 tu
308 1970 534 2021 fortunam,
567 1971 678 2009 cuius
712 1982 829 2008 vocor
862 1969 951 2008 exul
984 1968 1030 2006 ab
1063 1979 1131 2007 ore
1143 1999 1154 2021 7

90 2037 133 2068 30
154 2028 318 2067 Nomine
350 2028 528 2068 mendaci
559 2040 676 2080 parce
709 2040 869 2079 gravare
902 2025 1050 2065 meam!

652 2157 755 2203 XII.

156 2261 334 2315 Scribis,
366 2268 410 2302 ut
441 2262 634 2302 oblectem
667 2261 796 2300 studio
829 2259 1065 2300 lacrimabile
1098 2265 1271 2313 tempus,

154 2320 210 2359 Ne
243 2327 406 2372 pereant
436 2323 543 2373 turpi
575 2325 735 2372 pectora
767 2325 901 2359 nostra
928 2321 1033 2359 situ.

108 2391 215 2418 ovn),
253 2393 311 2418 111.
1143 2388 1162 2419 7
