1570 2527
134 130 218 171 184
677 131 740 162 Ex
766 129 923 162 PONTo

311 239 601 290 Suppositoque
634 249 789 288 gravem
821 238 966 276 vertice
997 243 1128 289 portat
1159 250 1320 289 aquam.

250 298 336 336 Non
370 298 432 335 hic
464 297 682 347 pampineis
715 297 894 335 amicitur
926 295 1070 335 vitibus
1101 296 1255 349 ulmus,

308 355 419 393 Nulla
452 360 635 405 premunt
667 366 795 393 ramos
827 354 1000 406 pondere
1033 367 1144 406 poma
1178 367 1272 395 suo.

188 423 229 454 15
250 415 394 452 Tristia
426 413 622 451 deformes
653 415 812 464 pariunt
843 413 1035 451 absinthia
1067 415 1217 465 campi,
1393 423 1466 456 (102)

309 471 508 523 Terraque
542 471 589 509 de
622 472 754 510 fructu
787 483 902 521 quam
935 473 985 509 sit
1016 483 1174 523 amara,
1206 471 1343 511 docet.

249 530 311 569 Nil
343 531 462 580 igitur
495 535 576 568 tota
606 530 721 568 Ponti
753 531 912 580 regione
945 530 1118 581 sinistri,

310 588 422 633 Quod
456 600 540 626 mea
572 588 758 626 sedulitas
790 589 946 626 mittere
978 593 1140 640 posset,
1172 593 1279 627 erat.

251 646 388 685 Clausa
420 651 550 685 tamen
583 647 670 685 misi
703 645 883 697 Scythica
915 645 986 684 tibi
1017 646 1093 685 tela
1124 646 1330 698 pharetra:

186 714 229 744 20
310 704 429 743 Hoste
462 717 603 756 precor
635 705 728 743 fiant
759 704 822 742 illa
853 710 1016 743 cruenta
1047 710 1138 744 tuo.

249 763 330 802 Hos
365 763 482 802 habet
516 763 612 802 haec
649 763 842 815 calamos,
873 763 945 801 hos
978 763 1074 802 haec
1109 763 1226 803 hahet
1259 775 1326 802 ora

977 821 1151 860 libellos.

309 879 414 919 Haec
446 882 549 930 viget
579 882 619 919 in
652 881 827 931 nostris,
859 879 1052 931 Maxime,
1085 879 1194 919 Musa
1225 878 1344 918 locis!

251 938 357 984 Quae
386 950 621 989 quamquam
646 940 798 977 misisse
830 939 976 990 pudet,
1009 940 1098 988 quia
1123 950 1241 990 parva
1266 938 1467 990 videntur,

309 996 367 1036 Tu
401 1003 530 1036 tamen
562 997 657 1036 haec
677 1029 687 1049 ,
720 1009 864 1048 quaeso
883 1028 894 1049 ,
926 997 1086 1036 consule
1119 998 1236 1036 missa
1267 995 1382 1035 boni.

720 1125 869 1171 VIIII.

250 1230 362 1275 Quod
395 1231 445 1269 sit
475 1231 515 1269 in
546 1230 607 1268 his
641 1229 774 1269 eadem
808 1231 1001 1269 sententia
1020 1260 1031 1282 ,
1062 1229 1183 1269 Brute
1202 1260 1213 1282 ,
1244 1229 1408 1283 libellis,

309 1288 488 1327 Carmina
520 1289 652 1327 nescio
686 1300 803 1339 quem
836 1300 997 1339 carpere
1030 1294 1164 1327 nostra
1195 1289 1345 1328 refers:

249 1347 311 1386 Nil
343 1348 419 1386 nisi
450 1359 511 1385 me
544 1352 650 1385 terra
682 1347 789 1385 fruar
821 1352 865 1386 ut
895 1348 1079 1398 propiore
1111 1358 1273 1399 rogare,

308 1405 358 1444 Et
390 1417 505 1456 quam
538 1406 611 1444 sim
644 1405 764 1443 denso
798 1406 950 1444 cinctus
982 1405 1028 1443 ab
1060 1405 1171 1444 hoste
1191 1436 1201 1456 ‚
1234 1405 1363 1456 loqui.

212 1473 231 1503 5
254 1463 308 1503 O!
343 1476 458 1515 quam
490 1463 538 1502 de
571 1463 703 1502 mullis
736 1465 873 1502 vitium
904 1463 1208 1514 reprehenditur
1239 1462 1384 1503 unum!

309 1521 391 1561 Hoc
422 1527 559 1573 peccat
590 1521 715 1560 solum
749 1523 782 1560 si
812 1534 897 1561 mea
929 1521 1038 1561 Musa
1058 1553 1069 1574 ,
1100 1521 1200 1561 bene
1232 1528 1314 1562 est.

249 1580 336 1632 Ipse
370 1592 439 1631 ego
472 1579 662 1619 librorum
694 1580 805 1619 video
838 1579 979 1619 delicta
1009 1592 1211 1632 meorum,

310 1638 406 1678 Cum
439 1651 508 1677 sua
539 1638 626 1689 plus
659 1640 762 1677 iusto
795 1639 965 1677 carmina
999 1640 1164 1690 quisque
1195 1638 1357 1690 probet.

253 1696 416 1747 [Auctor
448 1708 546 1747 opus
578 1697 736 1735 laudat.
793 1698 848 1735 sic
880 1698 1043 1736 forsitan
1075 1698 1216 1748 Agrius
1248 1697 1340 1736 olim

189 1763 230 1794 10
310 1755 519 1793 Thersiten
551 1755 647 1793 facie
681 1755 822 1793 dixerit
854 1767 939 1793 esse
971 1755 1095 1793 bona.

251 1813 443 1852 Iudicium
474 1819 604 1851 tamen
636 1812 698 1851 hic
730 1818 908 1851 nostrum
940 1825 1018 1851 non
1050 1813 1194 1864 decipit
1225 1825 1360 1854 error:

308 1871 389 1910 Nec
408 1903 418 1923 ,
451 1870 639 1922 quidquid
671 1872 817 1922 genui,
854 1872 1035 1921 protinus
1065 1871 1161 1910 illud
1193 1883 1278 1910 amo
1293 1871 1319 1922 .]

252 1929 330 1969 Cur
362 1931 511 1982 igitur,
543 1931 577 1968 si
609 1941 669 1968 me
702 1930 811 1968 video
845 1929 1071 1980 delinquere
1092 1961 1103 1982 ‚
1134 1942 1318 1983 peccem,
1391 1939 1465 1972 (103)

310 1987 360 2027 Et
391 1989 515 2039 patiar
547 1989 693 2039 scripto
726 1989 874 2026 crimen
906 1989 1058 2039 inesse,
1091 1986 1239 2039 rogas?

189 2055 231 2086 15
251 2046 338 2085 Non
371 2047 504 2085 eadem
537 2048 635 2085 ratio
668 2051 756 2098 est,
788 2047 933 2085 sentire
967 2052 1006 2085 et
1037 2047 1194 2085 demere
1225 2047 1406 2086 morbos.

311 2105 458 2144 Sensus
490 2107 593 2144 inest
625 2107 778 2144 cunctis
796 2136 807 2156 ‚
839 2104 988 2143 tollitur
1019 2111 1102 2144 arte
1134 2105 1300 2146 malum.

253 2164 376 2214 Saepe
409 2163 563 2214 aliquod
595 2162 758 2202 verbum
791 2164 952 2214 cupiens
983 2169 1134 2202 mutare
1165 2163 1329 2217 reliqui,

310 2222 502 2260 Iudicium
534 2223 636 2260 vires
668 2221 963 2271 destituuntque
995 2234 1148 2260 meum.

253 2280 376 2330 Saepe
403 2282 570 2331 piget—
597 2280 689 2330 quid
716 2281 818 2319 enim
845 2279 1017 2318 dubitem
1044 2279 1114 2318 tibi
1141 2292 1230 2319 vera
1256 2278 1464 2320 fateri?—

188 2346 231 2377 20
312 2337 518 2389 Corrigere
551 2345 590 2377 et
620 2338 724 2389 longi
756 2338 860 2377 ferre
891 2337 1035 2377 laboris
1067 2350 1190 2378 onus.
