1570 2527
141 139 224 181 192
679 142 743 173 EX
767 140 926 174 PONTO

195 258 237 288 10
315 249 401 288 Non
433 254 493 288 est
524 249 699 300 Augusto
731 250 902 288 iunctior
934 248 1009 288 ulla
1042 249 1149 288 foro.

257 307 388 358 Siquis
407 338 417 358 ,
449 312 493 346 ut
522 309 562 345 in
596 307 739 359 populo
758 338 769 359 ,
803 308 869 358 qui
901 309 984 346 sitis
1018 312 1056 346 et
1089 306 1192 347 unde
1211 338 1223 360 ‚
1253 309 1452 361 requiret,

316 365 480 404 Nomina
512 365 672 417 decepta
705 365 900 417 quaelibet
931 378 1024 404 aure
1056 366 1177 405 ferat.

256 424 305 463 Ut
337 425 387 462 sit
419 425 522 462 enim
554 429 712 476 tutum,
745 425 848 463 sicut
879 436 969 462 reor
1000 436 1086 462 esse
1105 455 1116 475 ,
1148 425 1284 477 fateri,

314 481 440 520 Verba
472 483 600 521 minus
634 490 739 521 certe
772 483 860 521 ficta
892 484 1043 521 timoris
1075 481 1241 522 habent.

195 548 235 579 15
257 539 374 591 Copia
406 552 479 579 uec
511 540 620 579 vobis
652 540 757 579 nullo
789 539 1021 591 prohibente
1053 540 1208 579 videndi

315 598 495 637 Consulis
514 630 525 651 ‚
557 605 601 638 ut
632 598 750 637 limen
782 599 1025 649 contigeritis
1044 630 1055 649 ,
1088 600 1185 638 erit.

255 657 332 696 Aut
363 663 474 708 reget
504 656 568 696 ille
601 669 692 696 suos
722 656 889 705 ,dicendo
922 658 1007 695 iura
1039 656 1243 709 Quirites,

315 714 579 767 Conspicuum
613 717 733 766 signis
766 727 854 754 cum
886 721 1039 766 premet
1070 715 1170 754 altus
1203 715 1324 755 ebur:

255 774 332 812 Aut
362 773 497 825 populi
528 774 678 813 reditus
709 775 874 825 positam
908 780 1115 824 componet
1146 773 1193 812 ad
1224 773 1397 826 hastam,

192 839 235 870 20
313 831 363 870 Et
393 834 517 871 minui
548 844 708 883 magnae
740 844 818 871 non
850 833 951 871 sinet
982 831 1098 870 Urbis
1130 843 1249 883 opes:

255 889 332 929 Aut
349 922 360 942 ‚
393 890 459 929 ubi
492 896 608 930 erunt
639 896 769 942 patres
801 892 841 929 in
873 890 968 929 Iulia
1000 889 1143 941 templa
1174 891 1323 942 vocati,

314 947 369 987 De
400 953 507 987 tanto
540 949 666 1000 dignis
700 949 858 988 consule
891 948 1009 987 rebus
1042 954 1152 999 aget:

256 1007 332 1045 Aut
364 1007 464 1045 feret
494 1008 669 1058 Augusto
703 1007 854 1046 solitam
886 1013 1056 1058 natoque
1089 1006 1276 1059 salutem,

314 1064 447 1116 Deque
480 1078 618 1116 parum
649 1072 741 1104 noto
774 1065 953 1104 consulet
984 1066 1134 1104 officio.

192 1130 234 1161 25
256 1123 426 1175 Tempus
459 1123 506 1162 ab
537 1123 598 1163 his
625 1136 787 1163 vacuum
815 1123 955 1162 Caesar
982 1123 1236 1162 Germanicus
1262 1135 1376 1163 omne
1397 1132 1470 1164 ‹115›

314 1182 504 1221 Auferet.
561 1194 582 1221 a
614 1184 762 1233 magnis
794 1182 898 1221 hunc
931 1181 1023 1221 colit
1052 1181 1116 1220 ille
1148 1181 1254 1221 deis.

256 1238 353 1279 Cum
385 1245 514 1279 tamen
547 1252 567 1278 a
598 1240 713 1280 turba
744 1252 878 1279 rerum
910 1241 1148 1291 requieverit
1178 1240 1341 1292 harum,

313 1297 370 1336 Ad
401 1311 468 1337 vos
501 1304 724 1338 mansuetas
755 1300 930 1350 porriget
961 1298 1024 1337 ille
1057 1310 1218 1350 manus,

256 1356 436 1407 Quidque
468 1369 610 1408 parens
643 1369 712 1408 ego
744 1363 873 1395 vester
905 1369 1042 1408 agam,
1074 1357 1239 1395 fortasse
1271 1358 1468 1408 requiret.

192 1422 235 1453 30
315 1414 420 1453 Talia
452 1427 520 1453 vos
551 1415 607 1454 illi
639 1415 804 1454 reddere
836 1415 953 1453 verba
985 1414 1093 1454 volo:

257 1470 378 1512 eVivit
408 1472 535 1512 adhuc
566 1475 761 1524 vitamque
793 1473 863 1512 tibi
895 1473 1037 1512 debere
1069 1473 1236 1525 fatetur,

314 1531 437 1577 Quam
469 1533 578 1583 prius
611 1544 631 1570 a
662 1533 746 1571 miti
778 1531 942 1571 Caesare
975 1543 1117 1571 munus
1148 1531 1288 1571 habet:

255 1589 310 1628 Te
342 1589 415 1628 sibi
433 1622 444 1641 ‚
477 1602 566 1629 cum
598 1590 751 1641 fugeret
770 1622 780 1642 ,
811 1591 975 1629 memori
1007 1590 1104 1629 solet
1136 1602 1204 1629 ore
1234 1589 1384 1630 referre

314 1647 520 1687 Barbariae
552 1654 656 1688 tutas
689 1648 912 1687 exhibuisse
944 1650 1047 1688 vias:

191 1714 234 1744 35
257 1705 452 1756 Sanguine
484 1706 702 1745 Bistonium
736 1707 839 1758 quod
870 1719 948 1745 non
981 1707 1210 1758 tepefecerit
1241 1718 1398 1758 ensem,

312 1764 503 1803 Effectum
535 1777 629 1803 cura
661 1767 832 1815 pectoris
864 1777 949 1803 esse
982 1767 1062 1804 tui:

255 1822 393 1861 Addita
424 1828 628 1873 praeterea
659 1824 757 1861 vitae
791 1835 945 1873 quoque
978 1822 1098 1861 multa
1130 1821 1296 1862 tuendae

312 1880 473 1920 Munera
492 1913 502 1932 ‚
535 1892 583 1920 ne
613 1882 792 1932 proprIas
824 1886 1044 1920 attenuaret
1075 1893 1191 1932 opes.

255 1938 330 1977 Pro
363 1938 506 1990 quibus
538 1945 582 1978 ut
612 1941 762 1978 meritis
793 1939 988 1978 referatur
1019 1941 1141 1990 gratia
1159 1971 1170 1991 ,
1201 1939 1304 1978 iurat

189 2005 233 2036 40
313 1997 362 2036 Se
395 1998 479 2036 sore
510 1999 695 2049 mancipii
725 2003 879 2048 tempus
910 1999 951 2036 in
982 2009 1096 2036 omne
1129 1999 1208 2037 tui.

254 2055 348 2094 Nam
379 2057 490 2107 prius
521 2056 706 2095 umbrosa
738 2057 930 2095 carituros
962 2055 1101 2095 arbore
1134 2061 1308 2107 monteS‚

312 2113 360 2153 Et
390 2115 490 2153 freta
520 2114 702 2153 velivolas
733 2126 811 2153 non
842 2113 1022 2153 habitura
1053 2119 1181 2167 rates,

252 2171 506 2224 Fluminaque
537 2174 577 2212 in
609 2174 736 2212 fontes
767 2185 885 2212 cursu
917 2172 1091 2212 reditura
1123 2173 1284 2224 supino,

312 2230 441 2269 Gratia
474 2243 590 2282 quam
621 2232 752 2270 meriti
782 2232 906 2283 possit
937 2230 1044 2269 abire
1076 2228 1179 2271 tui.'

187 2296 231 2327 45
253 2288 356 2327 Haec
388 2289 455 2328 ubi
487 2289 664 2329 dixeritis
683 2321 694 2342 ‚
726 2295 855 2329 servet
886 2301 955 2328 sua
987 2289 1085 2328 dona
1104 2321 1115 2341 ,
1147 2294 1303 2341 rogate.

313 2346 377 2386 Sic
409 2348 529 2386 suerit
560 2354 712 2387 vestrae
745 2360 861 2387 causa
891 2353 1047 2400 peracta
1078 2350 1183 2386 viae.
