1570 2527
149 144 232 187 186
686 147 750 177 EX
776 146 932 179 PONTO

549 317 730 371 LIBER
769 318 1066 374 QUARTUS.
1405 337 1479 370 (10⁵)

793 445 827 493 I.

261 544 432 596 Accipe,
463 543 652 596 Pompei,
685 543 896 583 deductum
929 555 1086 583 carmen
1119 543 1164 583 ab
1196 544 1286 599 illo,

323 602 482 641 Debitor
515 608 573 641 est
605 603 705 641 vitae
739 604 805 653 qui
837 601 908 641 tibi
927 634 937 654 ,
971 602 1085 642 Sexte
1105 633 1116 655 ,
1149 615 1264 642 suae.

265 660 339 706 Qui
372 673 441 700 seu
474 673 552 699 non
584 660 769 712 prohibes
801 673 822 699 a
854 673 914 699 me
949 667 1014 700 tua
1046 662 1200 700 nomina
1235 663 1348 714 poni,

323 719 493 758 Accedet
524 720 674 758 meritis
706 719 801 757 haec
834 731 989 770 quoque
1023 731 1173 758 summa
1204 722 1305 759 tuis:

222 785 242 817 5
265 777 352 816 Sive
387 777 508 816 trahis
541 777 701 829 vultus,
733 778 915 828 equidem
946 790 1128 829 peccasse
1162 777 1335 830 fatebor,

321 835 460 875 Delicti
492 841 621 875 tamen
654 842 713 875 est
745 848 860 875 causa
891 836 1089 888 probanda
1122 837 1220 875 mei.

263 894 348 933 Non
380 895 506 945 potuit
539 906 622 932 mea
656 906 794 945 mens,
828 896 921 944 quin
954 900 1058 933 esset
1089 900 1224 947 grata,
1256 896 1407 934 teneri.

325 952 383 991 Sit
414 965 554 1003 precor
587 953 714 991 officio
748 965 825 991 non
858 954 984 1003 gravis
1016 954 1071 991 ira
1104 954 1191 1004 pio.

264 1009 318 1050 ΟΞ
352 1012 532 1061 quotiens
565 1023 636 1062 ego
669 1023 755 1049 sum
788 1010 896 1049 libris
929 1011 1022 1050 mihi
1055 1012 1160 1050 visus
1192 1013 1231 1050 in
1263 1012 1349 1050 istis

202 1077 243 1108 10
322 1068 497 1121 Impius,
529 1071 569 1107 in
601 1069 706 1107 nullo
740 1069 842 1119 quod
874 1069 1049 1120 legerere
1083 1069 1191 1108 loco:

267 1127 321 1167 O!
356 1129 535 1178 quotiens
555 1159 566 1179 ,
598 1127 661 1165 alii
693 1139 781 1166 cum
814 1127 949 1166 vellem
984 1127 1157 1166 scribere
1177 1159 1187 1179 ,
1220 1139 1361 1166 nomen

321 1185 485 1224 Rettulit
516 1187 555 1223 in
589 1197 698 1223 ceras
730 1186 852 1224 inscia
885 1185 1019 1224 dextra
1052 1185 1184 1225 tuum!

262 1244 348 1295 Ipse
381 1244 475 1282 mihi
506 1243 652 1294 placuit
683 1243 833 1282 mendis
866 1245 905 1282 in
940 1243 1079 1282 talibus
1112 1256 1250 1296 error,

322 1301 370 1340 Et
402 1303 463 1339 vix
496 1303 613 1340 invita
647 1302 745 1340 facta
777 1301 892 1339 litura
924 1314 1041 1341 manu
1074 1307 1154 1340 est.

203 1368 242 1400 15
265 1357 456 1398 ‘Viderit'
490 1360 535 1398 ad
569 1371 765 1398 summum
797 1360 903 1398 dixi.
963 1357 1074 1399 elicet
1106 1362 1194 1411 ipse
1222 1366 1432 1412 queratur,

322 1418 428 1456 Hanc
461 1417 582 1469 pudet
614 1419 800 1457 offensam
832 1430 909 1456 non
942 1420 1132 1457 meruisse
1165 1415 1313 1469 prius.'

264 1477 316 1515 Da
349 1476 469 1527 mihi,
502 1476 630 1527 siquid
658 1488 700 1514 ea
734 1481 818 1528 est,
845 1476 1093 1515 hebetantem
1121 1482 1279 1527 pectora
1306 1477 1477 1531 Lethen,

324 1534 478 1574 Oblitus
511 1540 647 1586 potero
680 1546 757 1572 non
790 1540 918 1573 tamen
952 1547 1036 1573 esse
1069 1536 1148 1574 tui.

266 1593 385 1644 quue
419 1594 522 1632 sinas
555 1605 653 1644 oro,
686 1605 758 1631 nec
791 1593 959 1632 fastidita
991 1593 1156 1644 repellas

205 1660 247 1690 20
327 1650 482 1703 Verba,
514 1663 585 1690 nec
618 1652 745 1690 officio
779 1653 926 1689 crimen
959 1653 1086 1690 inesse
1119 1658 1256 1703 putes,

264 1709 313 1748 Et
344 1709 438 1747 levis
471 1709 565 1747 haec
599 1711 747 1747 meritis
780 1710 975 1748 referatur
1006 1711 1129 1760 gratia
1162 1711 1300 1750 tantis:
1405 1719 1478 1752 (106)

323 1767 364 1805 Si
397 1768 554 1818 minus,
586 1768 706 1805 invito
740 1772 777 1805 te
811 1779 965 1817 quoque
997 1773 1131 1818 gratus
1164 1780 1253 1806 ero.

264 1826 482 1875 Numquam
516 1827 624 1875 pigra
657 1825 730 1863 fuit
761 1827 904 1863 nostris
938 1830 1002 1864 tua
1035 1827 1156 1876 gratia
1189 1825 1330 1878 rebus,

322 1883 402 1922 Nec
433 1883 529 1922 mihi
562 1883 763 1922 munificas
796 1895 883 1921 arca
917 1885 1068 1934 negavit
1100 1896 1216 1934 opes.

200 1951 243 1982 25
264 1942 376 1981 Nunc
409 1954 564 1992 quoque
598 1941 651 1980 nil
684 1940 823 1980 subitis
856 1941 1060 1980 clementia
1094 1944 1230 1981 territa
1262 1943 1349 1982 fatis

323 2000 518 2039 Auxssium
551 2001 649 2038 vitae
683 2000 836 2050 fertque
869 2000 1046 2051 feretque
1079 2013 1210 2040 meae.

265 2058 401 2110 Unde,
435 2070 548 2109 roges
582 2058 711 2097 forsan
731 2089 741 2109 ,
774 2058 912 2096 fiducia
946 2064 1049 2096 tanta
1083 2059 1204 2098 futuri

326 2117 385 2155 Sit
416 2114 545 2155 mihi?
590 2117 692 2167 quod
726 2117 844 2168 fecit,
878 2118 1043 2167 quisque
1076 2123 1209 2155 tuetur
1240 2129 1360 2168 opus.

265 2175 313 2213 Ut
346 2174 475 2214 Venus
509 2175 667 2213 artificis
701 2174 807 2213 labor
840 2180 898 2213 est
931 2181 969 2213 et
1000 2174 1121 2225 gloria
1154 2174 1244 2226 Coi,

200 2241 243 2272 30
323 2234 528 2283 Aequoreo
561 2233 732 2271 madidas
766 2245 862 2284 quae
895 2235 1038 2284 premit
1070 2232 1193 2271 imbre
1226 2245 1377 2273 comas:

264 2292 374 2329 Arcis
408 2297 449 2330 ut
481 2292 643 2330 Actaeae
675 2291 733 2330 vel
767 2291 914 2330 eburna
945 2291 1004 2330 vel
1036 2303 1148 2329 aerea
1181 2297 1312 2331 custos

323 2348 463 2387 Bellica
497 2349 676 2388 Phidiaca
709 2356 784 2388 stat
816 2350 884 2388 dea
919 2349 1016 2388 facta
1050 2361 1188 2388 manu:
