1570 2527
1242 79 1396 115 xxxm

59 202 179 229 CCLVI
204 190 414 228 intervallo
441 202 609 238 versum,
636 189 703 238 qui
728 191 788 227 est
813 189 928 228 huius
954 190 1046 227 libri
1065 192 1162 239 391,
1188 192 1396 238 repeteret.

58 249 92 286 si
134 248 182 286 de
232 249 426 297 scriptura
473 248 580 286 illius
627 247 703 285 loci
745 249 851 286 recte
894 248 1168 297 indicaverim,
1211 248 1252 285 id
1294 249 1398 298 quod

60 309 213 345 certum
237 319 316 345 non
340 307 478 355 habeo,
510 307 773 355 interpolator
797 318 891 344 usus
918 307 1039 345 fuerit
1064 307 1288 355 corruptela
1314 319 1396 344 sae-

58 365 137 404 culi
161 365 330 414 septimi,
363 377 451 403 cum
470 365 506 403 U
532 368 572 403 et
593 363 620 403 Ε
646 364 815 402 rotunda
841 365 986 413 scripta
1006 369 1108 414 sunt,
1134 369 1179 403 ut
1198 365 1239 402 in
1257 365 1397 414 fragm.

58 423 185 461 Guelf.
265 424 452 461 Pallantia?
501 436 548 461 ex
591 423 732 472 oppido
775 423 973 461 Pallantio
1018 424 1135 462 ducta
1184 424 1397 472 appellatio

58 482 134 520 etsi
156 482 359 531 inusitata,
386 481 599 520 secundum
625 481 864 519 Pausaniam
883 481 983 519 VIII
1003 484 1056 520 41
1084 482 1265 520 fortassis
1291 483 1397 520 recte

56 541 192 578 habet:
226 540 295 578 sed
321 539 412 578 Caci
442 540 589 579 mentio
615 552 754 578 versus
786 541 983 589 sequentis
1009 540 1236 579 introducta
1261 543 1321 579 est
1347 541 1396 578 ab

60 611 116 646 eo,
149 599 216 648 qui
247 602 318 637 aut
348 611 427 637 non
457 598 703 636 meminisset
735 599 917 637 Herculis
950 598 1134 648 Victoris,
1167 602 1237 637 aut
1267 599 1398 639 mirus

57 658 306 706 perspicuam
350 669 436 694 eam
479 657 847 705 interpretationem
891 659 1064 706 putaret.
1136 657 1252 695 huius
1293 657 1400 695 modi

57 715 328 752 additamenta
371 717 507 752 extant
549 715 569 751 I
614 716 696 752 395
743 716 825 752 396
871 715 1083 753 secundum
1126 716 1399 765 Schraderum,

56 775 219 822 propter
250 773 510 821 supplendum
542 773 592 810 ad
622 785 656 810 v.
685 773 768 810 397
801 773 966 810 verbum
999 785 1046 810 ex
1072 775 1174 823 3995
1207 774 1267 811 III
1295 776 1398 823 4113

57 832 139 869 IIII
173 834 248 880 113
279 831 337 868 VI
370 833 466 880 739,
500 832 595 869 806.

176 890 274 927 Pars
307 892 446 928 octava
475 890 710 939 paginarum
741 890 911 939 quinque
944 890 1181 928 examussim
1219 891 1398 929 concinit.

59 961 158 997 quae
188 949 280 997 post
309 947 367 986 VI
393 950 477 987 434
510 950 673 997 restant,
704 950 750 986 ut
779 948 820 985 in
852 948 974 997 Ibide,
1005 949 1238 999 paginarum
1272 949 1398 987 deter-

58 1007 313 1045 minationem
349 1019 429 1044 non
465 1006 690 1044 admittunt.
764 1020 826 1045 vv.
862 1008 942 1045 739
986 1008 1068 1045 740
1107 1008 1155 1045 ab
1196 1008 1278 1046 805
1314 1009 1396 1046 806

58 1065 178 1103 trium
210 1065 446 1115 paginarum
472 1065 650 1114 legitimo
679 1065 805 1114 spatio
833 1065 993 1113 distant,
1026 1065 1093 1102 sed
1118 1066 1184 1104 vix
1204 1066 1399 1104 distichon

57 1124 179 1173 prius,
205 1136 228 1161 a
254 1123 471 1161 Schradero
497 1136 653 1173 quoque
678 1123 918 1171 damnatum,
944 1124 1127 1161 lacunam
1153 1125 1398 1173 supplevisse

57 1182 230 1220 videtur:
269 1183 455 1231 alterum,
489 1183 570 1221 805
607 1183 711 1230 806,
743 1182 951 1220 confictum
983 1185 1060 1229 est,
1098 1185 1143 1219 ut
1174 1184 1319 1230 forma,
1351 1183 1398 1221 de

58 1253 137 1290 qua
167 1254 202 1278 v.
236 1241 332 1289 807,
360 1240 627 1278 antecesserit.
701 1240 896 1278 distichon
929 1242 1009 1278 751
1048 1242 1127 1278 752
1157 1240 1398 1278 Schraderus

60 1299 237 1348 spurium
266 1299 422 1337 habuit:
455 1299 503 1336 de
537 1300 619 1337 557
655 1300 738 1337 558
772 1299 1013 1336 dubitabam.

176 1357 395 1395 Emendavi
420 1357 461 1394 in
480 1358 628 1395 Fastis:
661 1357 681 1394 I
703 1354 786 1395 143
811 1365 959 1395 PACTA
979 1365 1199 1396 LOCUTUS.
1265 1371 1399 1406 pauca

58 1415 160 1454 libri.
235 1415 339 1464 quod
370 1428 404 1454 v.
440 1417 522 1453 146
554 1415 596 1452 in
626 1415 738 1453 libris
765 1416 1052 1465 antiquioribus
1078 1418 1236 1464 praeter
1267 1417 1397 1455 Ursin.

60 1477 101 1512 et
142 1473 269 1511 Vatic.
313 1473 467 1511 Heinsii
511 1476 588 1520 est,
623 1477 764 1521 pactus
811 1477 908 1521 erat,
951 1476 1046 1521 puto
1091 1486 1139 1511 ex
1181 1474 1253 1512 hoc
1296 1475 1397 1512 inre-

59 1532 202 1580 psisse;
256 1531 354 1569 talia
408 1531 697 1580 interpretandi
746 1543 863 1569 causa
912 1531 1224 1580 reciprocantur,
1288 1533 1398 1571 velut

59 1590 143 1627 ΠΠ
177 1591 258 1628 135
294 1591 390 1628 136.
454 1593 574 1637 pacta
605 1592 713 1637 sunt,
758 1589 805 1626 de
838 1590 978 1639 quibus
1010 1594 1263 1640 convenerat,
1302 1591 1396 1630 Met.

57 1647 141 1686 IIII
174 1648 255 1685 116
289 1647 411 1684 VIIII
445 1649 539 1696 722,
571 1650 616 1685 ut
647 1650 839 1695 quaesitus
869 1649 982 1694 furor
1012 1647 1096 1685 IIII
1118 1650 1213 1697 246,
1245 1649 1292 1686 de
1319 1662 1396 1698 quo

59 1705 281 1756 quaesitum
311 1705 454 1744 fuerat.
514 1709 762 1753 convenerat,
792 1708 1004 1755 postquam
1033 1708 1153 1754 poeta
1176 1708 1327 1756 gratias
1354 1710 1395 1746 et

57 1765 183 1814 plura,
214 1764 279 1802 vel
309 1764 481 1813 plurima
510 1765 822 1813 perquisiturum
854 1777 895 1802 se
928 1764 1188 1803 denunciavit.

58 1820 144 1861 245
163 1830 338 1861 VOLSUS
365 1831 498 1869 QUEM.
574 1823 614 1860 in
641 1823 838 1872 scriptura
869 1823 1007 1861 cultrix
1031 1835 1141 1870 quem
1165 1824 1319 1874 codicis,
1350 1828 1397 1862 ut

58 1882 208 1930 accepi,
247 1893 345 1919 saec.
383 1890 450 1919 XII
479 1881 579 1918 nihil
609 1882 722 1930 pensi
752 1882 877 1919 habeo
908 1884 1068 1930 praeter
1100 1881 1276 1920 ordinem
1306 1895 1393 1920 ver-

57 1940 207 1978 borum.
279 1941 407 1978 volsus
450 1941 491 1977 et
532 1941 663 1987 volans
704 1940 746 1977 in
788 1940 1016 1978 litteratura
1057 1940 1173 1977 Plinii
1212 1942 1395 1978 Moneani

56 1998 122 2036 vix
158 1997 300 2036 differt.
375 1998 502 2036 solum
537 1998 716 2047 velh'tur,
760 1998 864 2048 quod
894 1999 1057 2036 arbusta
1087 2011 1166 2036 non
1202 1999 1294 2037 altis
1331 2012 1393 2037 ra-

56 2056 207 2095 dicibus
232 2056 364 2104 habet,
396 2056 506 2094 velut
530 2059 720 2105 perpetuo
741 2057 940 2107 Vergilius
968 2056 1095 2094 utitur
1119 2057 1215 2095 Aen.
1242 2057 1305 2095 III
1327 2059 1393 2105 24,

58 2116 123 2161 28,
151 2117 218 2154 31.
283 2116 431 2163 planus
461 2118 586 2153 vertex
615 2115 693 2153 fuit
713 2114 842 2153 Ovidii
867 2127 980 2163 aevo,
1006 2115 1067 2152 uti
1092 2115 1286 2153 Martialis
1312 2116 1394 2154 IIII

55 2181 187 2210 LXJIII
220 2175 258 2212 5.
330 2172 435 2222 quod
464 2187 499 2211 v.
529 2175 610 2212 243
644 2174 840 2212 antecedit
872 2173 919 2210 de
950 2174 1139 2212 incaedua
1168 2175 1283 2223 silva,
1315 2175 1393 2213 nisi

56 2232 198 2280 opponi
228 2232 289 2269 his
320 2232 594 2281 intellegatur,
626 2232 741 2270 facile
769 2231 964 2271 offendere
996 2233 1144 2281 potest3
1177 2245 1293 2281 quem
1325 2232 1391 2270 ad-

53 2291 215 2328 modum
241 2290 288 2327 de
321 2290 623 2340 transponendis
651 2290 828 2328 distichis
856 2290 1092 2329 sententiam
1117 2291 1241 2329 latam
1265 2291 1392 2330 video.

125 2360 230 2388 ovn).
255 2361 314 2388 111.
1090 2366 1109 2389 c
