1570 2527
584 117 643 149 IV.
672 117 843 148 72—140.
1298 114 1382 157 287

162 224 291 263 Prima
322 224 427 263 feros
459 223 614 263 habitus
645 223 794 262 homini
826 223 1024 263 detraxit:
1070 223 1117 263 ab
1150 224 1214 263 illa
1308 234 1382 265 (118)

220 282 420 321 Venerunt
452 282 580 321 cultus
612 281 833 332 mundaque
868 294 961 321 cura
994 283 1077 323 sui.

159 340 315 380 Primus
347 353 479 379 amans
512 353 669 379 carmen
701 340 898 391 vigilatum
931 346 1045 380 nocte
1078 347 1217 392 negata

74 408 139 438 110
219 399 370 438 Dicitur
402 399 448 438 ad
481 399 631 438 clausas
665 400 913 438 concinuisse
947 400 1074 439 fores:

158 457 446 509 Eloquiumque
480 458 553 496 suit
585 457 723 496 duram
755 469 916 496 exorare
949 458 1141 510 puellam,

216 516 372 568 Proque
406 529 475 555 sua
508 528 623 555 causa
656 517 821 567 quisque
855 516 1025 555 disertus
1058 521 1167 555 erat.

158 573 260 613 Mille
292 587 363 626 per
395 575 494 613 hanc
527 581 630 614 artes
662 581 819 626 motae3
853 575 1060 625 studIOque
1092 574 1270 626 placendi

217 632 322 678 Quae
356 633 505 672 latuere
537 635 676 685 prim,
710 633 829 672 multa
861 639 1014 684 reperta
1048 634 1202 672 ferunt.

71 699 136 730 115
158 690 267 730 Hanc
300 694 508 743 quisquam
541 692 654 731 titulo
687 693 832 730 mensis
865 691 1032 742 spoliare
1064 691 1226 731 secundi

217 748 409 789 Audeat?
454 763 474 789 a
506 750 618 789 nobis
651 751 701 789 sit
733 750 842 788 furor
873 752 946 788 iste
979 750 1138 801 procul.

158 808 258 854 Quid
277 841 288 861 ‚
322 809 424 860 quod
457 809 602 860 ubique
638 814 777 860 potens
810 808 1044 859 templisque
1077 808 1349 860 frequentibus

883 873 1017 919 aucta,

213 924 320 965 Urbe
353 931 481 964 tamen
513 931 647 964 nostra
680 926 741 964 ius
775 925 844 963 dea
877 926 1002 964 maius
1034 924 1171 964 habet.

154 983 230 1022 Pro
263 984 409 1036 Troia,
441 983 645 1036 Romane,
677 990 743 1022 tua
776 982 906 1022 Venus
939 995 1044 1022 arma
1076 983 1248 1036 ferebat,

68 1049 134 1081 120
216 1042 313 1081 Cum
345 1044 494 1093 gemuit
524 1048 700 1081 teneram
733 1041 894 1092 cuspide
926 1042 1029 1081 laesa
1062 1054 1242 1082 manum:

155 1100 430 1151 Caelestesque
464 1100 559 1139 duas
591 1100 758 1139 Troiano
791 1100 920 1139 iudice
953 1102 1068 1140 vicit:

212 1158 267 1198 A!
311 1159 430 1198 nolim
463 1160 583 1198 victas
615 1158 689 1197 hoc
722 1160 946 1198 meminisse
974 1159 1092 1203 deas.

154 1218 411 1268 Assaracique
444 1230 568 1256 nurus
602 1217 703 1256 dicta
737 1223 822 1269 est,
856 1223 900 1256 ut
933 1217 1081 1256 scilicet
1113 1217 1202 1256 olim

211 1275 373 1327 Magnus
405 1276 532 1315 Iuleos
565 1275 706 1314 Caesar
738 1275 900 1314 haberet
932 1288 1045 1315 avos.

68 1342 130 1373 125
152 1334 231 1374 Nec
264 1334 407 1373 Veneri
438 1340 620 1387 tempus,
648 1346 762 1385 quam
790 1346 883 1385 ver,
916 1341 1000 1373 erat
1025 1336 1153 1385 aptius
1185 1334 1306 1374 ullum
1332 1357 1374 1362 -

209 1392 308 1432 Vere
340 1395 466 1432 nitent
498 1400 655 1445 terrae,
688 1405 777 1431 vere
810 1394 998 1432 remissus
1031 1405 1121 1444 ager
1153 1416 1200 1423 —

154 1451 283 1502 [Nunc
314 1451 458 1490 herbae
491 1457 605 1502 rupta
638 1450 778 1490 tellure
811 1453 1013 1490 cacumina
1044 1451 1208 1504 tollunt,

210 1510 323 1549 Nunc
356 1510 504 1549 tumido
538 1522 709 1561 gemmas
743 1511 888 1549 cortice
921 1510 1067 1561 palmes
1100 1512 1178 1561 agit
1198 1510 1224 1561 .]

150 1567 200 1608 Et
231 1569 400 1608 formosa
433 1568 562 1607 Venus
595 1569 766 1607 formoso
799 1575 975 1620 tempore
1009 1568 1122 1620 digna
1155 1574 1237 1621 est,

65 1635 130 1667 130
220 1627 348 1678 thue
383 1627 509 1679 solet,
541 1627 655 1666 Marti
686 1628 910 1666 continuata
942 1639 1036 1666 suo.

150 1684 249 1724 Vere
276 1692 408 1725 monet
435 1697 572 1724 curvas
599 1691 772 1724 materna
799 1697 869 1736 per
901 1697 1069 1737 aequora
1101 1697 1252 1737 puppes
1297 1695 1371 1726 (119)

209 1743 298 1796 Ire,
333 1756 404 1784 nec
436 1744 620 1783 hibernas
653 1745 728 1782 iam
761 1745 940 1783 timuisse
972 1745 1119 1784 minas.

457 1836 492 1876 1.
526 1833 947 1887 CK·A[PR.1L·N³

150 1919 237 1957 Rite
271 1919 380 1958 deam
413 1918 539 1957 colitis
571 1918 700 1958 Latiae
734 1925 957 1970 matresque
990 1931 1192 1969 nurusque

208 1976 257 2015 Et
290 1988 385 2027 vos,
419 1979 506 2027 quis
539 1978 655 2016 vittae
687 1977 878 2028 longaque
912 1979 1030 2015 vestis
1063 1977 1194 2016 abest.

64 2044 127 2075 135
151 2038 277 2074 Aurea
310 2046 528 2073 marmoreo
561 2035 790 2074 redimicula
823 2034 959 2074 solvite
993 2035 1115 2087 collo,

207 2093 357 2133 Demite
391 2093 572 2132 divitias:
618 2100 696 2132 tota
729 2093 886 2132 lavanda
919 2094 989 2132 dea
1022 2100 1102 2133 est.

148 2153 275 2191 Aurea
307 2153 451 2191 siccato
484 2152 711 2191 redimicula
743 2152 894 2191 reddite
928 2152 1049 2191 collo:

206 2211 318 2250 Nunc
350 2210 415 2249 alii
446 2210 592 2263 flores,
625 2222 728 2249 nunc
762 2223 859 2250 nova
891 2211 1013 2249 danda
1046 2222 1134 2249 rosa
1167 2217 1247 2250 est.

148 2269 223 2308 Vos
256 2281 411 2320 quoque
444 2269 517 2308 sub
549 2270 663 2308 viridi
694 2275 820 2321 myrto
852 2269 962 2308 iubet
993 2271 1075 2320 ipsa
1107 2270 1248 2309 lavari:

61 2336 126 2367 140
206 2327 434 2380 Causaque,
461 2340 532 2379 qur
558 2328 715 2380 iubeat,
742 2350 786 2355 —
813 2327 976 2368 discite!
1005 2350 1046 2356 ——
1075 2334 1180 2368 certa
1207 2328 1363 2368 subest.
