1570 2527
570 138 599 172 1.
627 146 652 170 v
673 140 798 171 3-74.
1274 138 1357 179 133

191 245 387 284 Inmemor
420 246 571 296 antiqui
602 245 776 284 vulneris
808 257 914 285 arma
946 247 1074 298 capit.

133 303 195 342 Nil
228 303 303 343 sibi
334 315 425 343 cum
456 303 584 354 pelagi
616 303 712 343 dicit
744 303 828 343 sore
861 305 1073 356 naufragus
1104 304 1243 357 undis,

67 369 112 401 40
191 361 241 401 Et
271 362 380 401 ducit
410 374 540 401 remos
573 374 648 413 qua
680 362 794 401 modo
827 364 934 402 navit
965 375 1090 415 aqua.

134 420 198 459 Sic
230 433 300 472 ego
334 426 562 460 constanter
594 420 769 459 studium
801 433 879 460 non
912 421 1007 461 utile
1039 434 1153 462 servo
1164 454 1176 475 ‚

191 478 241 518 Et
272 485 408 531 repeto
427 511 438 531 ,
469 478 613 518 nollem
646 491 742 531 quas
775 479 943 519 coluisse
976 480 1090 520 deas.

133 537 235 584 Quid
267 539 399 589 potius
431 538 569 577 faciam
588 535 610 576 ‘3
641 550 720 577 non
753 550 839 577 sum
858 569 869 591 ‚
903 540 969 590 qui
1001 541 1135 591 segnia
1166 538 1305 579 ducam

192 596 308 636 Otia.
360 608 465 635 mors
498 596 611 635 nobis
644 601 799 648 tempus
830 596 998 636 habetur
1029 600 1160 637 iners.
1298 607 1355 639 (20)

65 661 111 693 45
132 654 213 694 Nec
245 656 352 694 iuvat
383 657 423 694 in
455 655 584 694 lucem
616 656 736 694 nimio
763 667 1008 695 marcescere
1041 658 1154 696 vino:

191 713 272 752 Nec
305 719 414 752 tenet
444 715 615 753 incertas
648 713 729 752 alea
760 714 900 753 blanda
933 726 1094 754 manus.

131 770 228 811 Cum
255 771 434 810 dedimus
468 783 603 810 somno
638 784 734 823 quas
767 784 910 824 corpus
943 772 1114 823 postulat
1145 772 1284 826 horas,

191 828 276 875 Quo
309 842 450 882 ponam
484 830 646 881 vigilans
678 836 855 881 tempora
886 830 999 882 longa
1032 830 1182 871 modo?

129 887 249 927 Moris
281 900 330 927 an
362 888 506 928 oblitus
537 890 655 940 patrii
686 889 925 928 contendere
958 889 1104 928 discam

65 954 110 986 50
191 946 426 986 Sarmaticos
459 959 573 986 arcus
592 978 603 995 ,
636 952 676 986 et
705 947 838 986 trahar
871 953 953 987 arte
985 946 1095 987 loci?

128 1005 211 1045 Hoc
245 1018 401 1057 quoque
434 1018 495 1044 me
527 1005 702 1045 studium
740 1005 950 1057 prohibent
988 1006 1193 1046 adsumere
1226 1009 1353 1060 vires,

188 1064 377 1116 Mensque
409 1065 531 1115 magis
563 1064 700 1115 gracili
732 1076 896 1116 corpore
928 1071 1063 1104 nostra
1093 1065 1216 1105 valet.

129 1122 227 1162 Cum
253 1123 352 1161 bene
380 1124 596 1174 quaesieris
614 1154 625 1175 ‚
658 1123 752 1174 quid
778 1136 912 1175 agam,
938 1126 1060 1175 magis
1093 1125 1187 1163 utile
1214 1124 1268 1164 nil
1295 1130 1355 1164 est

189 1181 350 1220 Artibus
381 1181 443 1221 his
462 1213 473 1233 ‚
505 1193 603 1232 quae
636 1181 691 1220 nil
722 1182 902 1221 utilitatis
934 1182 1100 1222 habent.

66 1247 108 1279 55
131 1239 360 1291 Consequor
393 1252 439 1279 ex
471 1239 548 1278 illis
581 1252 695 1279 casus
728 1240 868 1279 oblivia
900 1242 1049 1280 nostri:

188 1298 297 1338 Hanc
330 1310 499 1338 messem
532 1300 627 1337 satis
660 1303 720 1338 est
751 1300 784 1338 si
816 1311 901 1338 mea
934 1299 1062 1338 reddit
1092 1299 1258 1339 humus.

129 1356 259 1396 Gloria
291 1369 358 1396 vos
391 1363 527 1409 acuat3
560 1369 656 1409 VOS,
690 1363 734 1396 ut
765 1359 927 1397 recitata
960 1357 1177 1409 probentur

189 1415 399 1468 Carmina,
430 1416 571 1454 Pieriis
602 1416 800 1467 invigilate
834 1416 987 1455 choris.
1090 1463 1093 1465 ,

131 1474 243 1521 Quod
277 1476 383 1513 venit
414 1486 461 1513 ex
494 1474 596 1513 facili
615 1505 625 1525 ‚
659 1476 751 1513 satis
785 1480 845 1513 est
876 1487 1112 1526 componere
1144 1475 1281 1528 nobis,

64 1541 108 1572 60
188 1532 238 1571 Et
268 1534 385 1571 nimis
417 1534 559 1571 intenti
592 1544 708 1571 causa
739 1532 882 1572 laboris
914 1533 1045 1573 abest.

130 1590 209 1631 Cur
242 1602 313 1642 ego
347 1590 512 1630 sollicita
544 1591 685 1642 poliam
718 1603 803 1630 mea
836 1593 1008 1631 carmina
1040 1590 1168 1632 cura?

188 1650 245 1688 An
280 1661 416 1689 verear
435 1680 446 1701 ,
478 1662 526 1688 ne
560 1662 637 1688 non
669 1650 859 1702 approbet
890 1650 953 1689 illa
986 1648 1141 1690 Getes?

127 1708 308 1748 Forsitan
341 1708 526 1747 audacter
559 1708 725 1760 faciam,
758 1709 825 1748 sed
858 1709 1004 1760 glorior
1036 1709 1214 1749 Histrum

187 1765 347 1818 Ingenio
380 1766 531 1806 nullum
564 1769 688 1806 maius
721 1766 866 1806 hahere
899 1780 1009 1807 meo,

65 1833 108 1865 65
129 1824 235 1878 Hoc,
262 1825 331 1864 ubi
356 1825 564 1864 vivendum
590 1831 673 1878 est,
699 1827 792 1865 satis
819 1832 902 1879 est,
931 1828 965 1865 si
991 1838 1212 1878 consequor
1239 1838 1351 1879 arvo,

186 1883 293 1923 Inter
323 1884 557 1923 inhumanos
589 1896 676 1924 esse
707 1890 822 1936 poeta
855 1884 993 1924 Getas.

128 1942 213 1989 Quo
239 1942 365 1993 mihi,
397 1942 594 1982 diversum
619 1944 719 1982 sama
746 1944 984 1983 contendere
1016 1946 1056 1982 in
1082 1941 1254 1983 orbem?
1293 1952 1351 1984 (21)

187 2001 312 2047 Quem
345 2001 502 2040 fortuna
533 2001 668 2053 dedit,
700 2001 822 2040 Roma
855 2003 906 2041 sit
937 2002 1001 2041 ille
1034 2001 1167 2041 locus.

127 2058 209 2098 Hoc
242 2071 326 2098 mea
359 2064 542 2099 contenta
575 2065 635 2099 est
665 2059 799 2098 infelix
831 2059 941 2099 Musa
972 2060 1149 2099 theatro:

63 2126 107 2157 70
187 2117 252 2157 Sic
283 2120 440 2170 merui,
472 2120 602 2169 magni
634 2119 690 2157 sic
722 2118 880 2158 voluere
913 2118 998 2157 dei.

127 2176 208 2216 Nec
240 2189 330 2216 reor
362 2177 453 2216 hinc
484 2178 588 2216 istuc
620 2178 765 2216 nostris
797 2178 873 2216 iter
905 2189 992 2216 esse
1024 2176 1188 2230 libellis,

186 2235 271 2281 Quo
304 2235 443 2274 boreas
475 2237 594 2286 pinna
627 2235 832 2274 deficiente
864 2237 992 2275 venit.

126 2293 343 2333 Dividimur
377 2294 507 2346 caelo3
541 2306 718 2345 quaeque
752 2299 812 2332 est
843 2294 981 2345 procul
1014 2294 1110 2334 urbe
1143 2293 1318 2343 Quirini,

186 2352 336 2404 Aspicit
366 2352 540 2392 hirsutos
574 2353 793 2391 comminus
825 2351 922 2392 Ursa
955 2352 1094 2393 Getas.
