1570 2527
719 141 763 174 11.
791 142 916 174 5-72.
1401 140 1485 180 235

201 258 244 289 40
324 249 448 288 Caede
482 260 552 300 per
584 248 817 288 Haemonias
849 249 963 288 solvit
993 248 1156 288 Acastus
1188 260 1329 300 aquas.

264 307 422 346 Vectam
454 308 616 346 frenatis
647 319 718 358 per
750 309 865 346 inane
899 306 1133 346 draconibus
1165 307 1320 358 Aegeus

323 365 516 405 Credulus
547 367 728 404 inmerita
760 365 925 404 Phasida
957 368 1055 405 iuvit
1087 377 1182 417 ope.

263 424 580 475 Amphiareiades
612 424 836 475 Naupactoo
869 424 1038 463 Acheloo
1228 470 1235 473 ἡ

323 480 457 522 ‘Solve
490 479 619 521 nefas’
653 483 779 535 dixit,
812 483 925 522 solvit
958 489 996 522 et
1027 482 1090 522 ille
1123 483 1253 522 nefas.

200 549 242 580 45
262 540 315 580 A!
357 543 521 580 nimium
554 541 686 580 faciles
706 573 716 593 ,
749 542 816 592 qui
847 542 974 580 tristia
1007 543 1169 580 crimina
1202 540 1331 580 caedis

323 599 523 638 Fluminea
557 599 639 638 tolli
671 612 785 651 posse
817 601 963 652 putatis
996 599 1118 652 aqua!

265 658 340 697 Sed
373 664 503 697 tamen
535 680 579 685 —
612 660 761 710 antiqui
793 671 841 697 ne
875 660 1032 698 nescius
1065 658 1212 698 ordinis
1246 670 1355 697 erres
1387 679 1430 685 —-

322 716 505 769 Primus,
539 723 582 756 ut
615 723 702 768 est,
735 716 817 756 Iani
848 719 993 756 mensis
1026 724 1064 756 et
1096 722 1184 756 ante
1218 717 1314 755 fuit.

264 775 338 821 Qui
371 777 550 826 sequitur
581 775 716 814 Ianum
735 807 745 827 ‚
779 778 921 814 veteris
955 777 1028 814 suit
1060 775 1221 814 ultimus
1253 777 1367 814 anni:

200 841 244 873 50
324 834 383 872 Tu
416 846 572 884 quoque
606 846 837 885 sacrorum,
871 834 1083 885 Termine,
1116 835 1205 873 finis
1239 845 1348 873 eras.

263 891 416 931 Primus
449 894 552 930 enim
584 892 666 931 Iani
698 894 842 931 mensis
861 923 871 943 ,
906 894 995 943 quia
1027 895 1140 931 ianua
1172 894 1297 943 prima
1329 897 1411 931 est:

322 950 398 996 Qui
430 963 540 989 sacer
574 957 634 990 est
665 951 754 989 imis
787 950 996 1003 manibus,
1028 952 1129 989 imus
1163 957 1272 990 erat.

261 1009 470 1048 Postmodo
504 1009 721 1048 creduntur
753 1011 877 1061 spatio
910 1009 1092 1048 distantia
1124 1009 1239 1061 longo

321 1067 513 1120 Tempora
545 1067 605 1106 bis
637 1069 746 1119 quini
779 1069 1027 1107 continuasse
1061 1069 1154 1106 viri.

607 1184 642 1224 1.
674 1181 1027 1224 H·K·FEB·N

201 1287 243 1318 55
264 1279 462 1330 Principio
497 1279 642 1317 mensis
674 1277 864 1329 Phrygiae
898 1280 1140 1317 contermina
1171 1278 1285 1317 Matri

324 1337 477 1389 Sospita
510 1336 684 1376 delubris
717 1337 861 1376 dicitur
894 1342 1006 1376 aucta
1039 1338 1170 1375 novis.

265 1393 398 1435 ‘Nunc
430 1395 498 1435 ubi
531 1401 650 1447 sunt,
682 1395 758 1434 illis
792 1407 890 1446 quae
923 1401 1015 1434 sunt
1047 1400 1197 1434 sacrata
1228 1395 1412 1435 Kalendis

321 1454 481 1506 Templa
513 1454 606 1493 deae
627 1451 668 1493 ‘?’
701 1453 814 1505 longa
845 1453 1094 1505 procubuere
1127 1454 1211 1494 die.

264 1513 401 1552 Cetera
433 1525 481 1552 ne
515 1512 632 1551 simili
664 1512 848 1551 caderent
879 1512 1068 1551 labefacta
1099 1514 1232 1565 ruina,

200 1580 243 1612 60
322 1571 430 1611 Cavit
461 1572 603 1610 sacrati
634 1571 794 1622 provida
826 1583 920 1609 cura
952 1572 1089 1623 ducis,

266 1629 347 1669 Sub
380 1642 457 1681 quo
490 1629 664 1669 delubris
697 1631 866 1669 sentitur
897 1628 1003 1668 nulla
1035 1635 1241 1682 senectus3

322 1689 402 1727 Nec
435 1690 527 1728 satis
560 1694 620 1727 est
650 1688 828 1727 homines
847 1720 858 1740 ‚
890 1687 1032 1738 obligat
1063 1688 1127 1727 ille
1159 1688 1276 1728 deos.

263 1747 514 1799 Templorum
546 1749 716 1799 positor,
751 1746 986 1798 templorum
1019 1752 1151 1786 sancte
1184 1752 1388 1799 repostor,

323 1806 381 1846 Sit
412 1807 595 1858 superis,
628 1810 719 1856 opto
739 1837 749 1857 ,
782 1810 918 1845 mutua
949 1818 1043 1844 cura
1074 1807 1155 1844 tui,

199 1873 242 1905 65
264 1864 363 1904 Dent
394 1864 464 1904 tibi
496 1864 684 1904 caelestes
703 1895 714 1916 ‚
747 1876 845 1915 quos
877 1869 920 1903 tu
953 1864 1216 1916 caelestibus,
1248 1876 1393 1916 annos,

321 1924 477 1975 Proque
510 1928 576 1963 tua
609 1928 789 1962 maneant
820 1924 860 1962 in
892 1925 1058 1962 statione
1091 1923 1227 1962 domo.

264 1981 374 2021 Tunc
406 1994 561 2033 quoque
593 1982 710 2020 vicini
741 1981 854 2020 lucus
886 1981 1107 2020 celebratur
1138 1980 1298 2020 Helerni

323 2040 406 2086 Qua
438 2043 537 2092 petit
567 2051 782 2090 aequoreas
814 2039 960 2078 advena
992 2039 1159 2090 Thybris
1191 2051 1333 2090 aquas.

264 2099 320 2138 Ad
353 2099 552 2150 penetrale
584 2098 761 2150 Numae,
794 2097 1132 2149 Capitolinumque
1165 2097 1404 2149 Tonantem,

198 2166 241 2198 70
320 2157 443 2209 Inque
475 2157 574 2196 Iovis
607 2168 757 2196 summa
789 2156 964 2195 caeditur
997 2169 1085 2195 arce
1117 2155 1277 2195 bidens.

263 2216 387 2268 Saepe
419 2229 555 2268 graves
586 2215 736 2268 pluvias
769 2214 979 2267 adopertus
1011 2214 1182 2254 nubibus
1214 2221 1346 2254 auster

321 2275 527 2328 Concitat,
560 2281 626 2314 aut
657 2275 782 2325 posita
815 2273 887 2313 sub
919 2275 1005 2313 nive
1038 2279 1143 2313 terra
1173 2273 1290 2313 latet.
