1570 2527
129 96 216 139 254
673 99 927 132 FASTORUM

306 207 446 246 Sectus
477 206 639 246 humum
671 208 754 246 rivo
786 207 874 246 lene
906 209 1078 247 sonantis
1111 221 1255 260 aquae.

160 273 226 306 705
246 265 327 304 Illic
359 265 596 316 Tarquinius
629 265 806 305 mandata
837 266 994 305 latentia
1026 269 1104 306 nati

307 325 486 374 Accipit,
519 329 558 362 et
590 326 695 375 virga
727 324 804 363 lilia
837 337 985 363 summa
1019 327 1150 365 metit.

246 382 415 420 Nuntius
447 388 491 421 ut
521 382 666 433 rediit,
698 382 939 433 decussaque
972 383 1048 421 lilia
1080 383 1199 436 dixit,

304 440 424 479 Filius
457 437 647 491 ‘agnosco
679 443 784 479 iussa
816 438 1012 492 parentis'
1045 443 1121 480 ait.

245 498 324 537 Nec
357 510 494 550 mora,
526 499 769 550 principibus
802 501 924 538 caesis
956 511 1004 538 ex
1035 499 1133 538 urbe
1166 499 1334 553 Gabina,

159 565 226 596 710
304 556 530 596 Traduntur
562 557 727 596 ducibus
760 559 910 596 moenia
943 557 1045 596 nuda
1079 559 1182 597 suis.

244 614 347 654 Ecce
366 647 376 666 ,
408 616 517 654 nefas
549 617 664 666 visu,
697 616 834 655 mediis
866 616 1052 655 altaribus
1084 619 1220 667 anguis

303 673 421 725 Exit,
455 680 493 712 et
526 676 707 713 extinctis
739 674 894 725 ignibus
927 681 1013 713 exta
1046 677 1168 726 rapit.

244 732 471 771 Consulitur
504 732 713 772 Phoebus.
770 745 856 771 sors
889 739 949 772 est
978 734 1030 772 ita
1063 733 1241 786 reddita,
1275 731 1412 774 ‘matri

304 791 377 836 Qui
410 791 563 830 dederit
593 793 777 843 princeps
809 791 969 844 oscula,
1002 793 1125 830 victor
1158 794 1230 831 erit
1246 789 1271 831 .'

157 856 223 888 715
245 848 386 888 Oscula
419 851 584 900 quisque
616 862 709 889 suae
741 852 854 889 matri
886 856 1092 901 properata
1124 850 1321 901 tulerunt,

301 906 387 946 Non
419 908 615 946 intellecto
649 908 806 947 credula
838 908 951 947 turba
985 909 1080 947 deo.

242 965 389 1004 Brutus
421 972 505 1005 erat
536 966 644 1005 stulti
676 968 830 1017 sapiens
862 968 1062 1018 imitator,
1095 973 1138 1006 ut
1168 974 1272 1006 esset

302 1024 427 1063 Tutus
460 1024 507 1063 ab
539 1025 720 1077 insidiis,
752 1025 834 1064 dire
869 1025 1045 1076 Superbe
1067 1057 1076 1075 ‚
1109 1026 1209 1064 tuis.

243 1081 309 1121 llle
341 1084 472 1122 iacens
503 1095 652 1134 pronus
684 1085 797 1121 matri
830 1083 937 1121 dedit
968 1083 1100 1122 oscula
1131 1083 1298 1134 Terrae,

156 1148 223 1180 720
300 1140 481 1180 Creditus
513 1142 660 1180 offenso
694 1141 951 1192 procubuisse
983 1141 1103 1192 pede.

243 1198 420 1249 Cingitur
451 1201 599 1238 interea
633 1199 816 1238 Romanis
848 1200 971 1238 Ardea
1004 1201 1148 1251 signis,

302 1256 352 1296 Et
382 1259 528 1308 patitur
560 1257 684 1296 lentas
716 1257 917 1296 obsidione
950 1270 1099 1297 moras.

242 1314 341 1354 Dum
373 1322 510 1367 vacat,
542 1322 582 1355 et
612 1321 793 1355 metuunt
823 1316 956 1355 hostes
988 1317 1231 1356 committere
1262 1329 1454 1370 pugnam,

302 1374 467 1413 Luditur
498 1377 538 1414 in
571 1376 738 1426 castris,
771 1376 848 1413 otia
881 1375 990 1414 miles
1022 1377 1121 1426 agit.

156 1438 222 1471 725
243 1433 480 1483 Tarquinius
511 1435 661 1472 iuvenis
694 1434 821 1472 socios
853 1433 1095 1484 dapibusque
1128 1445 1314 1485 meroque

300 1492 479 1543 Accipit.
536 1504 581 1530 ex
614 1491 690 1530 illis
721 1503 813 1542 rege
846 1498 1001 1531 creatus
1033 1494 1108 1531 ait:

243 1546 362 1588 ‘Dum
395 1562 466 1588 nos
499 1549 667 1589 difficilis
698 1551 809 1601 pigro
843 1555 950 1589 tenet
981 1550 1106 1598 Ardea
1138 1549 1238 1589 bello
1258 1581 1269 1602 ,

300 1608 379 1647 Nec
412 1610 504 1648 sinit
535 1608 581 1647 ad
614 1610 760 1660 patrios
792 1620 897 1647 arma
929 1609 1078 1648 referre
1111 1608 1228 1659 deos,

242 1666 392 1717 Ecquid
424 1668 463 1705 in
496 1667 623 1705 officio
656 1673 766 1706 torus
799 1673 858 1706 est
889 1667 1042 1706 socialis
1062 1665 1083 1705 P
1128 1673 1166 1706 et
1198 1666 1338 1718 ecquid

155 1732 220 1765 730
301 1725 540 1775 Coniugibus
572 1727 717 1763 nostris
750 1730 883 1763 mutua
916 1737 1008 1764 cura
1042 1722 1231 1764 sumus?

242 1784 415 1834 Quisque
448 1795 558 1821 suam
590 1783 748 1822 laudat.
805 1783 944 1822 studiis
976 1785 1186 1822 certamina
1219 1788 1423 1834 crescunt,

300 1842 349 1880 Et
380 1842 532 1880 servent
564 1841 684 1880 multo
717 1841 924 1892 linguaque
958 1853 1102 1892 corque
1136 1853 1267 1881 mero,

243 1899 404 1951 Surgit,
437 1901 500 1939 cui
532 1899 692 1938 dederat
723 1900 871 1938 clarum
903 1899 1061 1939 Collatia
1093 1911 1258 1938 nomen:

301 1956 407 1997 ‘Non
440 1970 538 2009 opus
570 1964 630 1997 est
661 1957 818 2009 verbis,
851 1958 998 1997 credite
1030 1958 1148 1997 rebus
1169 1954 1198 1997 1⁵
1231 1958 1306 1996 ait.

155 2026 221 2057 735
243 2014 347 2056 ‘Nox
381 2022 588 2068 superest.
646 2016 825 2056 tollamur
858 2018 999 2068 equis,
1033 2016 1255 2067 Urbemque

967 2072 1186 2126 petamusl'

300 2133 408 2173 Dicta
439 2133 621 2185 placent,
654 2134 774 2172 frenis
806 2134 1060 2185 inpediuntur
1091 2134 1203 2183 equi.

242 2192 489 2231 Pertulerant
520 2193 697 2231 dominos
718 2223 726 2231 .
783 2192 923 2243 regalia
956 2194 1134 2243 protinus
1166 2190 1219 2229 illi

299 2250 417 2289 Tecta
449 2256 616 2301 petunt:
660 2257 792 2290 custos
824 2252 863 2289 in
896 2252 978 2288 sore
1010 2249 1139 2289 nullus
1172 2255 1276 2288 erat:

241 2308 341 2348 Ecce
375 2321 498 2347 nurus
530 2310 633 2360 regis
667 2309 762 2348 susis
794 2321 864 2360 per
897 2308 992 2347 colla
1024 2309 1178 2347 coronis
