1570 2527
648 148 706 179 iv.
737 154 811 180 vm
834 150 892 180 1-
903 148 957 179 00.
1391 142 1470 183 197

309 256 406 295 Cum
438 268 510 307 pro
544 267 730 295 concessa
761 254 879 294 verba
913 255 1035 293 salute
1069 254 1228 293 damus.

250 315 327 354 Sed
360 317 456 367 qui,
490 327 605 366 quam
637 315 795 366 potuit,
827 314 892 353 dat
923 315 1118 365 maxima,
1150 318 1284 364 gratus

981 372 1133 411 abunde
1167 370 1248 423 051,

307 432 357 471 Ε1
388 433 505 471 finem
537 433 662 483 pietas
695 433 858 483 contigit
889 431 951 470 illa
985 443 1125 469 suum.

249 491 328 530 Nec
348 523 358 543 ,
392 503 490 542 quae
523 491 570 530 de
602 503 719 542 parva
751 502 900 542 pauper
933 490 992 528 dis
1024 489 1119 528 libat
1151 500 1307 538 acerra,

184 558 228 590 40
308 549 412 588 Tura
445 551 606 601 minus,
636 549 773 601 grandi
806 561 922 600 quam
954 549 1041 588 data
1074 548 1212 593 lance,
1246 546 1395 586 valent.

249 610 434 660 Agnaque
468 614 544 648 tam
577 608 725 647 lactens
744 640 755 660 ,
788 620 902 659 quam
935 609 1109 659 gramine
1141 612 1251 658 pasta
1283 605 1430 644 Falisco

310 667 473 706 Victima
506 667 693 718 Tarpeios
726 667 849 705 inficit
880 669 956 705 icta
989 667 1119 704 focos.

249 726 330 765 Nec
363 732 492 765 tamen
526 726 654 765 0111010
687 731 816 764 vatum
849 737 919 776 per
951 727 1123 764 carmina
1155 725 1255 762 sacto

309 784 559 835 Principibus
591 797 656 823 res
689 789 749 823 est
780 786 906 834 aptior
939 784 1015 822 ulla
1048 785 1162 822 viris,

185 852 229 883 45
251 843 430 882 Carmina
461 848 682 881 vestrarum
714 848 908 894 peragunt
939 844 1147 893 praeconia
1179 840 1361 892 laudum,

308 902 413 940 Neve
447 903 498 940 sit
530 908 707 940 actorum
740 902 838 939 131113
870 901 1016 940 caduca
1035 932 1046 952 ‚
1078 907 1238 939 cavent.

251 961 431 1000 Carmine
464 961 506 999 fit
538 962 647 998 vivax
680 961 835 1012 1111115,
869 971 1088 1011 expersque
1122 958 1320 1010 sepulchri

308 1020 495 1059 Notitiam
527 1031 637 1058 serae
670 1020 912 1071 posteritatis
946 1018 1084 1057 habet.

250 1079 396 1117 Tabida
428 1079 626 1117 consumit
657 1078 807 1117 ferrum
839 1077 1085 1129 lapidemque
1119 1082 1316 1127 vetustas,

187 1146 231 1177 50
311 1137 502 1188 Nullaque
535 1149 599 1176 res
632 1138 757 1176 maius
790 1142 967 1188 tempore
1000 1136 1122 1174 robur
1154 1134 1290 1174 habet.

253 1196 407 1247 Scripta
440 1196 573 1235 10111111
605 1207 757 1234 annos.
813 1197 972 1246 scriptis
1004 1195 1294 1245 Agamemnona

986 1255 1113 1304 nosti,
1402 1260 1476 1293 (123)

311 1313 360 1352 Et
392 1314 571 1364 quisquis
605 1319 741 1352 contra
774 1312 833 1351 vel
866 1312 983 1350 simul
1015 1323 1120 1350 arma
1153 1311 1265 1350 tulit.

253 1372 348 1419 Quis
382 1372 536 1410 Thebas
570 1378 799 1423 septemque
832 1371 952 1410 duces
993 1372 1076 1408 sine
1115 1371 1287 1409 carmine
1321 1376 1477 1422 nosset,

311 1431 361 1470 Et
393 1431 582 1482 quidquid
614 1437 704 1482 post
736 1430 859 1482 11300,
893 1429 1082 1481 quidquid
1115 1435 1155 1466 et
1186 1435 1274 1467 ante
1307 1427 1414 1467 fuit?

188 1498 231 1529 55
254 1490 299 1529 Di
332 1502 488 1541 quoque
522 1489 793 1540 carminibus,
826 1490 859 1527 si
892 1489 948 1527 135
981 1494 1042 1526 051
1073 1487 1234 1539 dicere,
1268 1488 1388 1539 fiunt,

313 1549 513 1599 Tantaque
547 1550 727 1587 maiestas
759 1560 826 1586 ore
860 1548 1034 1586 canentis
1068 1553 1177 1597 eget.

256 1607 319 1646 Sic
353 1607 478 1646 Chaos
512 1619 559 1646 ex
590 1606 654 1645 illa
685 1613 848 1645 naturae
881 1606 980 1645 mole
1014 1607 1157 1657 prioris

314 1665 516 1716 Digestum
548 1672 681 1717 partes
713 1667 860 1704 scimus
892 1665 1036 1703 habere
1070 1676 1183 1702 suas:

256 1724 320 1763 Sic
352 1724 593 1763 adfectantes
626 1724 805 1763 caelestia
839 1736 957 1774 regna
991 1722 1174 1773 Gigantes

191 1792 235 1823 60
314 1783 371 1822 Ad
405 1783 521 1835 Styga
554 1782 763 1821 nimbifero
796 1782 961 1820 vindicis
994 1783 1082 1832 igne
1115 1781 1249 1820 datos:

256 1841 320 1881 Sic
353 1843 478 1880 victor
510 1841 664 1881 laudem
697 1843 892 1893 superatis
926 1840 1042 1879 Liber
1075 1840 1121 1879 ab
1154 1839 1283 1892 Indis,

314 1901 467 1939 Alcides
500 1907 611 1952 capta
643 1902 762 1939 traxit
793 1900 839 1938 ab
873 1899 1077 1938 Oechalia.

256 1959 307 1998 Et
340 1959 452 1997 modo
473 1990 484 2010 ‚
517 1959 687 2012 Caesar,
720 1971 863 2010 avum,
897 1970 1012 2009 quem
1046 1959 1170 1996 virtus
1203 1957 1351 1996 addidit

987 2018 1127 2068 astris,

317 2076 531 2115 Sacrarunt
564 2076 691 2127 aliqua
724 2077 896 2115 0311111113
928 2081 1038 2126 parte
1073 2080 1181 2113 tunm
1201 2105 1210 2114 .

193 2143 236 2176 65
260 2135 396 2186 Siquid
431 2135 558 2174 adhuc
590 2136 711 2186 igitur
744 2136 849 2186 vivi,
882 2133 1111 2172 Germanice
1133 2166 1142 2184 ,
1175 2140 1309 2172 1105110

317 2194 452 2233 Restat
483 2195 523 2232 in
555 2195 712 2245 ingenio
732 2225 742 2245 ‚
776 2194 920 2232 serviet
952 2204 1066 2231 omne
1099 2192 1193 2231 tibi.

258 2252 343 2291 Non
377 2258 488 2303 potes
522 2253 694 2292 officium
727 2253 826 2290 vatis
857 2256 1111 2290 contemnere
1143 2255 1276 2290 vates:

317 2311 464 2350 Iudicio
497 2313 668 2363 pretium
701 2323 766 2350 res
797 2310 914 2349 habet
945 2311 1019 2349 ista
1051 2315 1142 2349 tuo.

259 2369 372 2416 Quod
404 2371 480 2409 nisi
512 2377 550 2410 te
582 2382 725 2409 nomen
758 2375 910 2409 tantum
942 2370 989 2408 ad
1022 2371 1167 2408 maiora
1200 2375 1398 2419 vocasset,
