1570 2527
232 118 313 158 108
825 118 970 150 IBIDIS

345 225 478 277 Deque
511 232 577 265 tuo
610 226 677 264 fiet
703 247 745 252 —
771 225 863 265 licet
891 226 964 265 hac
996 227 1049 265 sis
1080 225 1192 265 laude
1225 225 1419 277 superbus
1443 248 1490 254 —-

404 283 692 323 Insatiabilibus
724 296 889 335 corpore
920 285 1002 323 rixa
1033 284 1158 335 lupis.

346 341 389 381 In
421 342 505 380 loca
536 341 582 380 ab
616 341 755 393 Elysiis
787 343 939 381 diversa
970 341 1159 381 vocabere
1192 343 1361 395 campis,

404 399 587 451 Quasque
620 405 728 439 tenet
759 400 871 439 sedes
904 402 1016 439 noxia
1047 400 1161 440 turba
1179 431 1190 453 ‚
1222 400 1348 439 coles.

260 466 325 498 175
348 457 538 509 Sisyphus
570 464 630 497 est
660 458 737 497 illic
770 471 905 497 saxum
936 458 1171 509 volvensque
1202 464 1442 510 petensque,

406 516 560 567 Quique
592 518 718 568 agitur
750 517 906 567 rapidae
938 518 1092 555 vinctus
1123 516 1170 555 ab
1202 516 1296 555 orbe
1328 522 1460 568 rotae,

347 574 533 625 Quaeque
565 580 708 625 gerunt
738 576 884 613 umeris
917 576 1112 626 perituras
1143 574 1296 613 Belides
1328 574 1474 626 undas,
1522 576 1560 610 (9)

404 632 538 671 Exulis
570 634 762 685 Aegypti,
793 632 907 672 turba
941 639 1102 672 cruenta
1120 664 1131 685 ,
1163 645 1314 672 nurus.

346 690 464 729 Poma
495 696 606 742 pater
637 691 792 742 Pelopis
824 692 1045 742 praesentia
1078 692 1259 743 quaerit,
1291 697 1330 730 et
1359 690 1463 730 idem

261 757 326 789 180
408 749 571 800 Semper
603 755 719 802 eget,
750 749 907 800 liquidis
939 761 1093 800 semper
1125 748 1296 788 abundat
1327 750 1461 801 aquis;

346 807 629 858 Iugeribusque
662 820 801 846 novem
833 819 1008 846 summus
1041 809 1107 858 qui
1139 807 1256 846 distat
1287 807 1334 846 ab
1365 809 1467 860 imo,

405 864 639 916 Visceraque
672 865 849 904 assiduae
882 866 1011 905 debita
1042 865 1204 916 praebet
1235 867 1316 904 avi.

345 923 417 962 Hic
449 923 519 962 tibi
551 924 597 962 de
630 923 759 963 Furiis
792 924 943 962 scindet
973 924 1073 962 latus
1106 936 1182 963 una
1213 923 1389 976 flagello,

404 981 454 1020 Ut
485 982 644 1020 sceleris
676 994 861 1021 numeros
894 982 1104 1020 confiteare
1135 983 1221 1020 tui:

259 1046 323 1079 185
345 1039 475 1078 Altera
507 1040 702 1079 Tartareis
734 1045 862 1079 sectos
894 1040 1000 1079 dabit
1030 1039 1223 1090 anguibus
1254 1044 1383 1078 artus:

404 1098 536 1136 Tertia
568 1098 760 1137 fumantes
793 1100 979 1149 incoquet
1010 1100 1099 1149 igne
1131 1110 1250 1149 genas
1271 1128 1279 1136 .

345 1156 466 1194 Noxia
499 1156 601 1194 mille
634 1156 759 1195 modis
792 1156 1026 1195 lacerabitur
1057 1155 1196 1194 umbra
1215 1187 1226 1208 ‚
1258 1161 1422 1206 tuasque

405 1214 555 1253 Aeacus
587 1216 627 1252 in
658 1226 804 1265 poenas
835 1216 1062 1265 ingeniosus
1095 1216 1192 1253 erit.

344 1271 388 1310 In
419 1278 457 1311 te
490 1272 725 1311 transcribet
756 1277 933 1311 veterum
964 1277 1159 1311 tormenta
1190 1284 1372 1311 reorum:

260 1338 324 1370 190
406 1329 597 1369 Omnibus
629 1332 799 1381 antiquis
830 1342 945 1369 causa
978 1332 1120 1380 quietis
1153 1332 1253 1369 eris.

346 1388 510 1439 Sisyphe
529 1419 539 1439 ,
572 1390 636 1427 cui
667 1388 796 1427 tradas
828 1387 1042 1426 revolubile
1074 1388 1227 1439 pondus
1245 1418 1256 1439 ,
1287 1386 1472 1426 habebis:

403 1445 624 1485 Versabunt
655 1446 803 1485 celeres
834 1458 939 1485 nunc
971 1458 1068 1485 nova
1099 1445 1273 1485 membra
1303 1452 1434 1485 rotae:

345 1504 418 1543 Hic
451 1510 490 1543 et
521 1506 625 1556 erit,
656 1516 785 1543 ramos
817 1505 962 1543 frustra
995 1506 1061 1555 qui
1093 1509 1222 1555 captet
1252 1509 1292 1543 et
1323 1504 1470 1543 undas:

402 1562 475 1601 Hic
507 1564 782 1613 inconsumpto
814 1564 962 1601 viscere
995 1568 1130 1613 pascet
1160 1574 1273 1602 aves.

259 1629 325 1661 195
345 1621 426 1660 Nec
457 1623 594 1659 mortis
626 1633 771 1672 poenas
802 1633 908 1659 mors
941 1620 1061 1659 altera
1092 1621 1201 1659 finiet
1231 1620 1372 1673 huius,

402 1678 585 1729 Horaque
619 1681 693 1717 erit
726 1681 842 1717 tantis
875 1679 1009 1718 ultima
1040 1679 1145 1717 nulla
1176 1678 1309 1717 malis.

343 1736 437 1776 Inde
469 1749 539 1787 ego
572 1749 694 1787 pauca
726 1749 890 1788 canam,
922 1737 1080 1776 frondes
1113 1742 1156 1775 ut
1188 1737 1310 1787 siquis
1342 1735 1388 1774 ab
1420 1735 1486 1775 Ida

403 1796 480 1833 Aut
510 1807 701 1833 summam
732 1794 876 1845 Libyco
909 1794 956 1833 de
989 1806 1094 1832 mare
1127 1799 1260 1844 carpat
1291 1806 1453 1845 aquam.

343 1853 439 1892 Nam
466 1865 592 1904 neque
620 1859 715 1903 quot
739 1853 856 1891 ssores
878 1852 1007 1891 Sicula
1032 1858 1243 1891 nascantur
1268 1854 1308 1890 in
1334 1852 1475 1904 Hybla,
1503 1860 1559 1894 (ιο)

257 1920 324 1951 200
405 1911 555 1957 Quotve
588 1911 714 1963 ferat,
746 1910 871 1949 dicam
890 1942 900 1962 ,
934 1916 1037 1949 terra
1070 1910 1207 1949 Cilissa
1239 1922 1399 1962 crocos,

346 1970 426 2008 Nec
460 1981 549 2008 Cum
581 1970 705 2008 tristis
736 1969 861 2007 hiems
892 1969 1094 2019 Aquilonis
1126 1969 1323 2007 inhorruit
1354 1968 1447 2020 alis,

404 2027 527 2072 Quam
560 2027 680 2066 multa
711 2028 776 2065 fiat
807 2026 994 2078 grandine
1028 2039 1147 2066 canus
1178 2027 1322 2078 Athos3

343 2086 424 2125 Nec
456 2085 553 2124 mala
586 2098 678 2124 voce
711 2097 795 2124 mea
825 2090 1011 2136 poterunt
1042 2091 1107 2124 tua
1140 2091 1280 2124 cuncta
1310 2085 1475 2136 referri,

404 2144 481 2182 Ora
512 2144 604 2182 licet
636 2143 785 2183 tribuas
817 2143 1069 2194 multiplicata
1101 2143 1217 2182 mihi.

258 2210 324 2241 205
345 2202 420 2240 Tot
451 2202 522 2241 tihi
547 2202 646 2241 vae!
695 2203 839 2240 misero
872 2203 1028 2240 venient
1059 2201 1232 2251 talesque
1263 2202 1422 2251 ruinae,

403 2259 455 2298 Ut
486 2262 572 2311 cogi
603 2262 643 2298 in
675 2260 853 2298 lacrimas
885 2272 945 2298 me
979 2271 1133 2310 quoque
1165 2270 1280 2310 posse
1310 2264 1467 2310 putem.

345 2318 433 2356 Illae
466 2330 527 2356 me
559 2318 739 2357 lacrimae
772 2318 914 2356 facient
944 2319 1027 2356 sine
1058 2318 1135 2356 fine
1166 2317 1347 2356 beatum:
1374 2320 1379 2326 ’
