1570 2527
1298 48 1399 83 XVII

57 163 204 206 libello,
223 162 265 199 in
282 163 396 200 tanta
414 160 775 198 additamentorum
788 159 996 208 brevitate,
1017 159 1245 210 dignoscere
1260 159 1397 206 ausim,

56 233 158 271 quae
194 220 236 258 in
273 219 423 258 codices
460 221 616 257 nostros
654 220 735 256 tres
774 218 920 256 saeculi
956 230 1014 255 XII
1052 219 1274 255 commenta
1313 229 1398 255 sae-

59 279 136 318 culi
166 287 198 317 X
229 280 298 316 aut
322 287 370 316 XI
402 277 540 315 inferri
572 279 612 314 et
644 275 801 314 scholiis
834 275 987 314 adstrui
1018 276 1230 325 potuerint.
1307 277 1399 313 sunt

54 338 98 376 in
128 351 164 386 p.
200 338 252 375 23
285 336 467 385 vulgaria
496 336 622 384 plura.

174 395 286 433 Duae
317 396 472 432 restant
501 394 668 443 paginae
699 393 917 442 proximae,
955 388 1051 445 (24)
1083 395 1123 432 et
1155 388 1271 446 (25),
1304 404 1396 441 qua-

58 467 146 492 rum
179 466 331 492 summa
361 465 548 491 versuum
579 452 755 490 distichis
776 451 929 490 duobus
948 452 1171 501 legitimum
1190 464 1398 489 numerum

55 511 218 551 excedit.
291 512 333 549 in
369 511 492 560 priori
529 510 633 560 quod
672 511 933 560 suspicionem
974 522 1096 560 supra
1126 510 1286 549 modum
1317 522 1397 547 mo-

56 573 167 619 veat,
198 571 299 608 nihil
330 570 461 619 video,
498 569 574 607 nisi
605 582 640 608 v.
674 571 755 607 517
790 569 1049 619 Peregrinum
1080 569 1270 608 Proteum
1302 567 1397 605 deli-

56 630 198 667 tiscere
248 628 469 676 credamus,
527 627 630 676 quod
680 628 928 676 exploratum
976 640 1054 666 non
1104 630 1174 667 est.
1242 628 1332 665 inde
1376 639 1399 664 a

56 700 116 726 vv.
158 688 240 724 533
281 688 320 724 et
360 687 440 724 551
482 685 654 723 ubertim
691 685 851 733 adsunt,
889 698 989 734 quae
1027 687 1154 735 quivis
1193 686 1398 723 mediocris
1455 716 1465 726 .

57 745 298 784 versificator
335 744 604 783 consarcinare
645 743 786 792 potuit.
855 744 978 792 selegi
1015 744 1109 791 duo,
1147 757 1247 793 quae
1285 757 1398 793 pecu-

56 804 197 842 liarem
234 803 453 841 labeculam
493 802 731 851 praeferunt.
806 801 1001 839 distichon
1033 804 1116 840 539
1151 804 1236 841 540
1267 803 1309 840 in
1339 815 1400 840 co-

58 863 209 900 dicibus
254 861 434 900 omnibus
477 863 724 910 corruptum,
769 860 925 898 scholiis
970 861 1182 899 distortum
1221 861 1398 899 eruditae

55 921 236 959 lectionis
268 920 558 969 aliquantulum
590 919 738 968 prodit,
770 919 932 957 indiculi
963 919 1141 957 historici
1173 921 1213 957 et
1243 920 1397 957 fabula-

55 992 162 1028 rum,
201 979 327 1028 qualis
359 978 674 1028 mythographus
707 978 924 1016 Vaticanus
955 978 1123 1028 primus,
1155 979 1222 1027 qui
1253 978 1398 1016 montis

57 1037 183 1088 Cyrae
217 1040 256 1075 et
287 1037 396 1075 Batti
427 1037 674 1086 migrationis
706 1036 947 1074 mentionem
978 1037 1127 1075 habuit.
1203 1037 1400 1086 scriptura

57 1096 235 1134 codicum
253 1096 447 1134 bonorum
467 1098 528 1133 est
549 1095 730 1134 Conditor
748 1099 790 1133 ut
809 1097 962 1144 tardus,
990 1095 1037 1132 de
1058 1107 1237 1133 errorum
1257 1096 1397 1133 eximio

56 1167 220 1192 numero
253 1155 354 1192 ratio
386 1154 588 1192 hominem
613 1153 767 1192 fefellit.
805 1174 853 1180 —
888 1167 950 1191 vv.
978 1155 1060 1192 543
1090 1155 1174 1193 544
1202 1167 1278 1203 quo
1298 1156 1396 1192 tem-

55 1225 150 1262 pore
193 1213 447 1262 interpositos
489 1213 632 1261 dicam,
676 1225 755 1250 non
797 1213 936 1251 habeo.
1010 1212 1085 1250 soli
1128 1215 1263 1250 tamen
1307 1215 1398 1250 sunt

55 1272 94 1309 in
125 1271 187 1309 his
213 1280 307 1309 XXV
340 1271 545 1320 archetypi
575 1271 740 1320 paginis,
773 1271 914 1320 quibus
946 1271 1083 1308 fabula
1113 1272 1193 1308 iam
1225 1271 1398 1309 delibata

55 1330 232 1368 iteratur.
308 1330 503 1368 distichon
541 1332 622 1368 291
664 1331 747 1367 292
787 1341 810 1366 a
847 1329 1026 1367 Bentleio
1071 1330 1295 1368 confossum
1334 1330 1398 1367 vix

54 1389 184 1437 ipsum
228 1389 457 1438 genuinum,
510 1387 579 1425 sed
623 1388 672 1426 ab
718 1388 933 1438 archetypo
979 1387 1125 1425 afuisse
1168 1400 1246 1426 non
1289 1391 1396 1436 puto.

55 1447 216 1484 nomina
235 1449 275 1484 et
295 1458 484 1495 personas
504 1446 741 1494 aliquotiens
760 1448 923 1494 propter
941 1445 1052 1483 varia
1072 1458 1171 1495 quae
1192 1446 1397 1484 subierunt

59 1507 128 1542 aut
160 1507 440 1554 perpetrarunt
473 1504 664 1553 supplicia
696 1506 764 1542 aut
796 1504 987 1552 facinora,
1018 1504 1165 1554 induci,
1197 1505 1306 1543 velut
1337 1507 1398 1543 est

55 1564 98 1600 in
117 1563 300 1612 Lycaone
328 1565 410 1601 327
433 1564 530 1606 431,
557 1565 626 1600 aut
653 1562 781 1600 obiter
805 1564 1114 1611 commemorari,
1140 1565 1186 1601 ut
1206 1563 1397 1601 Limonen

57 1623 154 1669 335,
185 1622 283 1658 nihil
315 1621 474 1659 mirum:
507 1623 548 1658 at
579 1621 741 1669 reliqua,
774 1633 874 1670 quae
894 1620 1056 1658 Ellisius
1088 1634 1125 1670 p.
1146 1630 1276 1659 XLVII
1303 1622 1396 1660 reci-

56 1680 236 1719 divarum
266 1680 491 1718 fabularum
524 1679 703 1728 exempla
728 1679 951 1728 proposuit,
982 1692 1166 1718 numeros
1198 1693 1396 1730 versuum,

57 1739 124 1788 qui
156 1741 248 1777 sunt
278 1741 369 1787 post
401 1740 484 1776 556
517 1750 587 1776 nec
618 1738 658 1775 in
684 1750 843 1776 censum
869 1738 1044 1788 veniunt,
1076 1739 1224 1777 referre
1250 1739 1395 1789 videas,

55 1797 235 1846 inprimis
269 1798 352 1835 563
387 1798 472 1835 564
505 1798 586 1835 565
623 1798 705 1835 566
741 1797 823 1834 577
859 1797 954 1835 578.

173 1856 337 1894 Utilitas
368 1856 409 1893 in
441 1855 501 1893 his
533 1855 765 1893 ratiunculis
791 1855 887 1893 haec
913 1856 1162 1904 potissimum
1188 1859 1259 1905 est,
1293 1856 1396 1905 quod

56 1926 79 1952 a
109 1914 284 1952 locorum
321 1913 400 1952 non
437 1926 652 1963 paucorum
684 1913 957 1952 emendatione
990 1927 1150 1963 prorsus
1184 1917 1244 1952 est
1276 1915 1397 1952 absti-

55 1972 236 2011 nendum.
309 1973 438 2011 nescio
476 1985 527 2010 an
563 1972 808 2021 praestiterit
846 1972 966 2010 etiam
1005 1973 1053 2010 ab
1093 1973 1148 2010 eis
1195 1973 1396 2022 abstineri,

55 2032 122 2080 qui
159 2031 326 2069 saeculis
364 2031 560 2080 prioribus
600 2031 743 2069 adiecti
785 2031 980 2069 videntur.
1054 2031 1223 2069 Pacatus
1262 2033 1398 2070 rhetor

55 2090 152 2138 legit
196 2089 391 2128 distichon
431 2091 511 2128 159
562 2092 644 2128 160
684 2091 850 2128 exeunte
896 2090 1052 2128 saeculo
1096 2094 1254 2139 quarto,
1298 2091 1396 2139 legit

54 2148 224 2186 fortasse
256 2149 312 2186 ita
344 2149 613 2197 emendatum,
651 2149 711 2187 uti
748 2148 900 2197 pridem
933 2148 1188 2186 conieceram:
1231 2151 1273 2187 at
1302 2149 1395 2186 insi-

55 2206 191 2244 ticium
234 2209 363 2244 totum
404 2209 516 2257 puto,
561 2207 734 2245 effictum
777 2208 940 2255 propter
976 2206 1197 2245 intellectas
1236 2220 1271 2246 v.
1313 2210 1392 2246 161

54 2278 133 2302 non
164 2265 300 2313 furias,
332 2266 391 2304 uti
417 2266 523 2304 Fast.
550 2265 607 2302 VI
634 2267 730 2313 489,
764 2264 832 2302 sed
863 2264 1073 2303 Furiarum
1105 2266 1304 2304 ultricium
1337 2279 1397 2303 co-

126 2336 232 2362 OVID.
251 2337 301 2361 111
1089 2331 1113 2364 b
