1570 2527
633 141 660 175 1.
690 142 885 176 177—248.
1347 139 1433 183 219

212 251 409 298 Quaerere
425 282 437 303 ,
462 255 508 290 ut
533 248 766 302 absumant,
792 249 997 302 absumpta
1029 252 1232 302 requirere
1261 256 1433 303 certant,

270 311 397 362 Atque
429 311 537 361 ipsae
569 310 672 347 vitiis
705 314 797 347 suut
828 308 1011 348 alimenta
1042 311 1169 349 vices.

123 377 191 410 215
213 369 277 408 Sic
310 368 455 420 quibus
487 368 675 407 intumuit
707 368 855 407 suffusa
887 374 1024 407 venter
1056 368 1103 407 ab
1135 368 1262 421 unda,

269 427 354 473 Quo
387 427 474 478 plus
507 432 599 466 sunt
629 432 772 479 potae,
804 426 892 478 plus
924 428 1112 467 sitiuntur
1144 439 1289 479 aquae.

211 486 255 526 In
288 488 414 538 pretio
445 487 616 538 pretium
649 497 754 524 nunc
787 491 869 525 est:
914 485 979 525 dat
1011 498 1153 525 census
1186 486 1381 540 honores,

274 545 425 585 Census
458 545 678 596 amicitias;
709 556 859 596 pauper
891 544 1037 596 ubique
1070 546 1192 584 iacet.

211 603 272 643 Tu
303 609 435 643 tamen
466 604 684 655 auspicium
717 605 751 641 si
782 604 833 642 sit
864 605 978 654 stipis
1011 603 1133 657 utile,
1166 605 1347 657 quaeris,

124 671 192 704 220
271 661 429 713 Curque
461 663 597 701 iuvent
627 667 777 701 vestras
809 673 898 701 aera
930 667 1083 701 vetusta
1115 661 1288 702 manus?

211 722 311 761 Aera
343 721 486 760 dabant
517 720 637 760 olim.
694 720 834 759 melius
867 733 972 760 nunc
1005 733 1119 760 omen
1152 723 1192 761 in
1224 734 1319 761 auro
1352 726 1435 773 est,

270 779 458 831 Victaque
492 780 688 818 concessit
719 781 849 830 prisca
881 785 1037 818 moneta
1068 792 1213 820 novae.

212 838 291 878 Nos
324 850 481 890 quoque
514 837 657 890 templa
689 838 853 891 iuvant,
885 840 1062 889 quamvis
1094 841 1253 890 antiqua

941 896 1177 950 probemus,

270 957 425 995 Aurea:
473 956 654 994 maiestas
687 956 871 994 convenit
902 956 976 994 ista
1008 956 1104 995 deo.

123 1023 191 1055 225
212 1014 432 1054 Laudamus
464 1020 648 1066 veteres,
680 1013 749 1053 sed
782 1015 928 1052 nostris
960 1016 1108 1054 utimur
1140 1015 1276 1055 annis:

270 1074 354 1113 Mos
385 1078 516 1112 tamen
549 1078 608 1112 est
639 1085 762 1124 aeque
795 1072 936 1124 dignus
969 1079 1136 1125 uterque
1169 1070 1288 1113 coli.'

214 1133 388 1172 Finierat
418 1133 619 1171 monitus.
675 1131 838 1182 placidis
869 1133 923 1171 ita
954 1144 1123 1184 rursus,
1156 1138 1201 1172 ut
1232 1137 1346 1185 ante,

272 1191 516 1242 Clavigerum
548 1189 678 1229 verbis
710 1190 899 1241 adloquor
929 1192 1013 1242 ipse
1046 1191 1188 1231 deum:

214 1247 354 1289 ‘Multa
386 1250 545 1301 quidem
576 1249 725 1288 didici:
770 1249 838 1288 sed
871 1261 942 1288 cur
974 1250 1118 1288 navalis
1150 1252 1190 1288 in
1223 1262 1311 1289 aere

128 1317 195 1349 230
274 1308 405 1347 Altera
435 1310 584 1359 signata
617 1313 705 1359 est,
737 1307 858 1346 altera
890 1308 1014 1346 forma
1046 1307 1179 1360 biceps
1193 1306 1235 1348 ‘2'

214 1365 405 1407 ‘Noscere
439 1379 500 1406 me
532 1366 680 1418 duplici
712 1378 849 1418 posses
881 1373 925 1405 ut
956 1368 1123 1418 imagine
1144 1364 1176 1419 ‚²
1210 1367 1307 1406 dixit

273 1424 343 1465 ‘Ni
374 1431 486 1465 vetus
518 1427 603 1477 ipsa
634 1425 718 1464 dies
750 1431 1001 1464 extenuasset
1032 1438 1154 1478 opus.

214 1485 338 1525 Causa
369 1487 464 1524 ratis
497 1491 701 1536 superest:
746 1484 920 1523 Tuscum
959 1490 1041 1523 rate
1074 1486 1180 1524 venit
1211 1486 1251 1524 in
1284 1496 1436 1523 amnem

274 1544 373 1582 Ante
405 1548 609 1595 pererrato
642 1542 792 1581 falcifer
823 1542 917 1581 orbe
951 1543 1070 1582 deus.

129 1611 197 1644 235
217 1602 298 1642 Hac
330 1614 401 1653 ego
435 1601 649 1641 Saturnum
680 1603 840 1640 memini
871 1601 1011 1640 tellure
1043 1608 1270 1654 receptum:

277 1660 490 1700 Caelitibus
521 1662 654 1712 regnis
685 1672 707 1699 a
738 1660 826 1699 Iove
858 1660 996 1711 pulsus
1028 1667 1135 1701 erat.

215 1720 311 1760 Inde
343 1719 411 1758 diu
443 1721 550 1771 genti
581 1720 724 1758 mansit
756 1719 937 1758 Saturnia
969 1731 1136 1772 nomen3

273 1778 383 1818 Dicta
415 1790 572 1830 quoque
604 1784 664 1817 est
694 1777 847 1817 Latium
880 1783 985 1817 terra
1004 1810 1014 1830 ,
1047 1779 1190 1818 latente
1222 1778 1317 1817 deo.

214 1837 264 1877 At
294 1837 396 1876 bona
427 1839 638 1889 posteritas
669 1849 842 1889 puppem
874 1838 1054 1876 formavit
1085 1839 1125 1877 in
1157 1849 1270 1889 aere,

126 1904 196 1937 240
274 1895 449 1948 Hospitis
482 1896 691 1935 adventum
722 1897 928 1935 testificata
960 1896 1045 1936 dei.

215 1955 303 2007 lpse
336 1955 462 1994 solum
494 1954 626 2007 colui,
658 1957 772 1994 cuius
803 1954 1065 2005 placidissima
1097 1955 1248 1994 laevum

276 2010 397 2053 Radit
422 2013 605 2052 harenosi
636 2013 845 2066 Thybridis
878 2014 980 2052 unda
1012 2014 1137 2053 latus.

215 2072 287 2112 Hic
306 2104 316 2124 ,
348 2071 417 2111 ubi
448 2084 553 2112 nunc
585 2072 707 2111 Roma
739 2078 828 2125 est,
859 2073 1049 2111 incaedua
1081 2072 1174 2111 silva
1206 2071 1377 2124 virebat,

275 2130 476 2183 Tantaque
508 2143 572 2170 res
603 2133 739 2182 paucis
771 2143 915 2182 pascua
947 2131 1075 2170 bubus
1108 2137 1213 2170 erat.

126 2198 196 2229 245
216 2190 295 2229 Arx
325 2202 412 2229 mea
443 2189 553 2229 collis
585 2196 671 2229 erat
702 2189 831 2229 volsus
850 2221 861 2242 ‚
894 2202 1009 2241 quem
1043 2192 1198 2229 nomine
1231 2196 1366 2229 nostro

276 2248 486 2301 Nuncupat
516 2249 613 2288 haec
645 2255 773 2300 aem,
806 2248 1100 2300 Ianiculumque
1134 2255 1265 2288 vocat.

216 2306 328 2347 Tunc
360 2319 431 2359 ego
463 2307 700 2359 regnabam,
734 2310 886 2359 patiens
918 2320 1007 2347 cum
1039 2314 1145 2347 terra
1176 2307 1340 2347 deorum

276 2365 420 2419 Esset,
451 2373 491 2406 et
521 2367 702 2407 humanis
734 2368 894 2406 numina
925 2369 1042 2406 mixta
1075 2367 1195 2406 focis.
