1570 2527
473 89 538 122 ΙΠ.
565 95 610 122 VI
632 90 675 121 10
685 95 784 122 —vu
805 90 860 122 42.
1285 86 1342 128 49

113 199 194 238 Nec
227 209 365 251 mora,
399 197 491 249 quid
524 198 656 236 venias
690 197 861 248 quidve,
894 198 1099 249 requiret,
1133 208 1265 248 agam.

112 257 251 295 Vivere
285 269 345 296 me
380 256 486 295 dices
505 288 516 309 ‚
549 255 617 295 sed
651 256 737 308 sic,
769 261 813 294 ut
845 256 975 294 vivere
1008 254 1152 308 nolim,

111 315 192 355 Nec
224 315 322 354 mala
355 320 432 354 tam
464 315 581 366 longa
612 320 746 353 nostra
782 314 904 353 levata
936 326 1070 366 mora;

111 373 162 413 Et
193 379 323 413 tamen
355 373 402 412 ad
434 373 594 426 Musas,
628 374 805 424 quamvis
838 385 1009 412 nocuere
1029 404 1040 422 ‚
1072 375 1242 425 reverti,

52 441 94 472 10
114 433 293 484 Aptaque
325 434 366 472 in
399 432 570 471 alternos
603 444 745 482 cogere
779 431 894 470 verba
927 432 1071 481 pedes.

111 491 171 530 Tu
198 504 379 543 quoque,
407 491 492 544 dic,
519 491 660 530 studiis
682 490 958 530 communibus
980 490 1121 541 ecquid
1141 490 1343 541 inhaeres,

112 549 312 601 Doctaque
345 562 423 589 non
455 552 582 601 patrio
616 551 787 589 carmina
820 561 929 588 more
963 546 1106 588 canis?

114 608 212 647 Nam
244 608 316 647 tibi
349 621 438 647 cum
472 609 561 647 fatis
593 620 723 647 mores
756 614 893 647 natura
927 607 1090 660 pudicos

111 666 162 706 Et
192 679 301 706 raras
334 667 445 706 dotes
477 669 758 718 ingeniumque
792 667 921 706 dedit.

49 734 91 765 15
112 725 194 765 Hoc
226 737 298 776 ego
330 725 538 776 Pegasidas
571 725 715 764 deduxi
745 727 897 776 primus
930 724 976 764 ad
1009 725 1157 777 undas,

111 784 167 823 Ne
199 783 298 823 male
331 784 521 823 secundae
553 795 650 822 vena
681 785 831 835 periret
863 795 1009 836 aquae3

112 842 268 882 Primus
299 843 339 882 id
372 844 507 894 aspexi
537 843 686 881 teneris
718 844 758 882 in
791 843 954 893 virginis
987 843 1123 894 annis,

111 901 240 953 thue
271 907 383 953 pater
415 907 526 940 natae
561 902 718 952 duxque
752 913 962 951 comesque
996 900 1074 939 fui.

113 959 216 1011 Ergo
249 961 283 999 si
314 966 519 999 remanent
551 962 662 1012 ignes
694 959 766 999 tibi
798 961 969 1010 pectoris
1001 959 1130 1010 idem,

47 1027 91 1059 20
114 1018 203 1058 Sola
235 1025 347 1058 tuum
380 1025 486 1058 vates
518 1018 657 1058 Lesbia
690 1020 821 1058 vincet
853 1030 975 1070 opus.

115 1078 191 1117 Sed
224 1090 391 1130 vereor,
424 1090 472 1117 ne
504 1083 543 1117 te
576 1090 660 1117 mea
693 1089 799 1116 nunc
832 1078 988 1116 fortuna
1022 1075 1218 1128 retardet,

112 1137 284 1188 Postque
315 1148 424 1176 meos
457 1148 571 1176 casus
604 1138 655 1175 sit
687 1136 759 1175 tibi
790 1142 930 1188 pectus
963 1137 1093 1174 iners.

112 1195 213 1234 Dum
244 1195 386 1247 licuit,
416 1201 483 1235 tua
516 1208 631 1247 saepe
664 1195 789 1248 mihi,
822 1195 894 1234 tibi
926 1199 1059 1234 nostra
1093 1193 1310 1246 legebam3'

114 1254 236 1306 Saepe
269 1255 328 1293 tui
359 1254 506 1306 iudex,
539 1266 654 1306 saepe
687 1256 873 1305 magister
907 1265 1037 1292 eram:

47 1321 91 1353 25
113 1314 190 1352 Aut
222 1325 294 1364 ego
326 1313 562 1364 praebebam
594 1314 708 1352 factis
741 1313 856 1352 modo
888 1311 1069 1351 versibus
1103 1323 1243 1364 aures,

113 1372 219 1424 Aut,
251 1371 320 1411 ubi
352 1384 528 1411 cessares
547 1404 558 1425 ‚
592 1385 708 1411 causa
740 1371 898 1411 ruboris
933 1383 1062 1410 eram.

114 1430 296 1469 Forsitan
329 1431 507 1481 exemplo
527 1462 537 1482 ‚
571 1433 663 1482 quia
694 1443 755 1469 me
788 1430 936 1469 laesere
970 1428 1113 1480 libelli,

114 1488 173 1527 Tu
207 1501 363 1540 quoque
396 1491 450 1528 sis
481 1487 511 1540 †
543 1501 690 1540 poenae
722 1489 822 1528 sacta
856 1495 990 1527 secuta
1021 1499 1152 1526 meae.

114 1547 219 1587 Pone
239 1579 250 1600 ,
282 1547 451 1598 Perflla,
484 1554 663 1600 metum3
694 1547 965 1587 tantummodo
998 1547 1142 1586 semina
1174 1545 1279 1585 nulla

50 1615 94 1646 30
114 1605 218 1645 Neve
251 1608 308 1645 vir
341 1619 361 1645 a
394 1608 551 1658 scriptis
584 1607 707 1646 discat
739 1618 867 1645 amare
901 1607 1005 1647 tuis!

114 1664 217 1716 Ergo
251 1664 423 1704 desidiae
456 1677 641 1717 remove,
674 1665 930 1715 doctissima,
964 1675 1126 1716 causas,

113 1723 237 1775 Inque
269 1723 391 1763 bonas
424 1729 529 1763 artes
562 1729 602 1763 et
632 1729 699 1763 tua
731 1736 842 1763 sacra
874 1723 979 1764 redi!

113 1782 191 1821 Ista
223 1782 367 1822 decens
399 1783 520 1822 facies
550 1783 678 1834 longis
712 1782 914 1821 vitiabitur
946 1783 1082 1833 annis,

113 1841 302 1893 Rugaque
334 1843 375 1881 in
407 1843 566 1893 antiqua
597 1842 726 1881 fronte
759 1841 892 1881 senilis
925 1842 1023 1892 erit3

51 1899 330 1951 351nicietque
363 1912 521 1940 manum
554 1901 701 1940 formae
734 1900 919 1939 damnosa
952 1903 1165 1951 senectus,

115 1958 223 2004 Quae
256 1960 466 2011 strepitum
497 1971 617 2011 passu
648 1971 727 1998 non
760 1960 927 1998 faciente
961 1959 1089 2008 venit3

115 2017 291 2069 Cumque
324 2018 464 2069 aliquis
497 2018 601 2057 dicet
633 2014 740 2057 ‘Fuit
770 2018 867 2056 haec
900 2012 1098 2067 formosa'‚
1131 2013 1307 2067 dolebis,

115 2075 163 2115 Et
195 2075 400 2127 speculum
433 2077 597 2116 mendax
631 2088 717 2116 esse
751 2087 919 2127 querere
952 2080 1088 2113 tuum.

116 2134 216 2174 Sunt
247 2135 320 2174 tibi
346 2148 439 2187 opes
465 2136 671 2186 modicae,
704 2147 795 2174 cum
828 2136 881 2173 sis
908 2134 1136 2184 dignissima
1168 2134 1357 2184 magnis:,

49 2201 94 2232 40
115 2193 236 2244 Finge
268 2194 336 2233 sed
369 2196 559 2234 inmensis
592 2194 776 2233 censibus
810 2204 895 2232 esse
928 2203 1066 2244 pares3

114 2251 262 2303 Nempe
295 2253 360 2292 dat
391 2253 430 2293 id
450 2285 461 2306 ,
495 2253 771 2305 quodcumque
798 2251 921 2300 libet,
954 2250 1111 2290 fortuna
1137 2252 1343 2302 rapitque3

114 2310 202 2350 Irus
235 2316 274 2350 et
307 2317 367 2351 est
398 2311 553 2365 subito,
587 2313 654 2363 qui
685 2310 801 2350 modo
836 2309 1009 2350 Croesus
1041 2314 1146 2350 erat.

67 2382 174 2410 OVID.
211 2383 269 2411 m.
1110 2379 1131 2410 4
