1570 2527
613 127 654 159 V.
685 128 833 159 18-91.
1309 125 1394 166 313

107 243 151 275 55
172 235 328 286 Excipit
360 233 525 274 Uranie:
575 235 704 274 fecere
739 235 891 274 silentia
924 241 1110 288 cunctae,

233 292 283 332 Et
313 305 384 331 vox
418 293 544 332 audiri
575 293 680 332 nulla
711 295 786 332 nisi
817 293 880 332 illa
912 299 1062 345 potest.

173 349 329 403 ‘Magna
361 352 435 391 suit
467 352 662 403 quondam
696 353 834 403 capitis
866 354 1085 392 reverentia
1118 354 1226 405 cani,

230 410 352 462 lnque
386 422 456 449 suo
488 412 615 462 pretio
648 423 744 462 ruga
777 410 911 450 senilis
945 417 1048 450 erat.

169 469 304 509 Martis
336 481 434 520 opus
466 470 628 508 iuvenes
661 470 912 520 animosaque
944 469 1042 508 bella
1075 469 1283 522 gerebant,

107 537 150 568 60
231 527 280 566 Et
310 540 381 579 pro
414 528 472 567 dis
505 528 667 567 aderant
698 529 739 566 in
773 530 937 567 statione
971 530 1074 568 suis:

173 585 328 625 Viribus
360 586 423 625 illa
455 588 583 625 minor
615 598 687 626 nec
720 586 909 625 habendis
942 587 1048 626 utilis
1081 588 1197 626 armis

231 644 401 683 Consilio
433 647 580 696 patriae
614 657 729 696 saepe
763 645 913 684 serebat
944 657 1079 697 opem.

171 703 251 742 Nec
284 705 359 742 nisi
390 711 479 755 post
510 716 632 742 annos
664 705 791 755 patuit
822 710 916 743 tunc
949 706 1057 743 curia
1090 716 1222 756 seros,

230 762 379 801 Nomen
413 769 452 801 et
483 764 619 802 aetatis
651 764 744 802 mite
777 768 935 802 senatus
969 769 1073 802 erat.

107 820 260 861 651ura
293 821 407 860 dabat
440 821 582 872 populo
617 823 777 873 senior3
809 822 996 872 finitaque
1030 823 1148 860 certis

232 879 402 930 Legibus
435 886 495 918 est
526 885 660 931 aetas,
693 881 796 919 unde
829 885 984 931 petatur
1017 880 1163 918 honor.

172 937 220 976 Et
252 937 405 976 medius
437 939 621 976 iuvenum
642 969 652 989 ,
685 950 762 976 non
794 937 1086 989 indignantibus
1119 940 1237 990 ipsis,

229 996 341 1048 Ibat,
373 1002 413 1036 et
443 998 637 1049 interior,
670 998 703 1035 si
735 1008 864 1035 comes
897 1009 1000 1036 unus
1034 1003 1138 1036 erat.

171 1054 296 1094 Verba
328 1056 416 1106 quis
448 1056 610 1094 auderet
642 1067 773 1094 coram
806 1067 898 1094 sene
931 1055 1044 1107 digna
1078 1055 1222 1094 rubore

109 1121 153 1153 70
232 1113 369 1152 Dicere
389 1144 400 1165 ,
433 1126 639 1152 censuram
670 1114 785 1164 longa
817 1121 974 1153 senecta
1007 1113 1142 1153 dabat.

174 1172 363 1211 Romulus
395 1172 469 1210 hoc
502 1172 596 1211 vidit
628 1172 851 1224 selectaque
883 1179 1041 1224 pectora
1073 1179 1205 1224 patres

232 1230 364 1270 Dixit:
409 1231 454 1270 ad
486 1230 558 1269 hos
591 1230 706 1270 Urbis
739 1243 888 1270 summa
921 1231 1039 1270 relata
1072 1243 1216 1270 novae.

173 1289 272 1329 Hinc
305 1301 375 1329 sua
407 1291 574 1328 maiores
606 1289 791 1328 tribuisse
824 1289 1009 1329 vocabula
1042 1289 1140 1329 Maio

232 1348 387 1399 Tangor
407 1380 417 1400 ‚
450 1353 489 1387 et
521 1350 637 1387 aetati
670 1347 914 1388 consuluisse
949 1360 1064 1387 suae.

111 1415 154 1446 75
175 1406 224 1446 Et
256 1406 436 1446 Numitor
468 1406 612 1446 dixisse
644 1413 775 1458 potest
808 1404 920 1459 “da‚
953 1407 1144 1459 Romule,
1178 1419 1353 1446 mensem

233 1464 346 1504 Hunc
379 1462 601 1517 senibus,''
636 1478 708 1504 nec
741 1478 854 1504 avum
886 1467 1122 1505 sustinuisse
1155 1478 1299 1518 nepos.

172 1523 252 1564 Nec
284 1524 367 1563 leve
399 1526 592 1575 propositi
622 1526 764 1576 pignus
797 1536 1003 1563 successor
1034 1525 1194 1564 honoris

232 1582 398 1634 Iunius,
431 1595 451 1621 a
483 1584 668 1622 iuvenum
701 1584 857 1621 nomine
891 1583 1046 1634 dictus,
1080 1581 1239 1622 habet.'

173 1641 284 1680 Tunc
317 1643 403 1694 sic,
435 1640 633 1692 neglectos
666 1641 810 1680 hedera
842 1641 1020 1680 redimita
1054 1635 1235 1694 capillos,

111 1707 154 1739 80
233 1699 364 1738 Prima
396 1701 457 1739 sui
489 1702 619 1751 coepit
650 1699 842 1752 Calliopea
875 1700 1007 1739 chori:

175 1755 367 1798 ‘Duxerat
399 1757 578 1797 Oceanus
611 1759 806 1809 quondam
839 1758 1015 1798 Titanida
1048 1758 1224 1811 Tethyn,

234 1816 309 1863 Qui
342 1823 486 1856 terram
517 1817 704 1869 liquidis,
738 1830 812 1868 qua
845 1823 979 1869 patet,
1011 1817 1132 1856 ambit
1164 1818 1297 1869 aquis.

175 1875 275 1915 Hinc
308 1881 388 1914 sata
420 1875 577 1915 Pleione
612 1888 700 1915 cum
733 1876 915 1915 caelifero
948 1876 1100 1915 Atlante

232 1933 440 1986 Iungitur,
472 1940 516 1973 ut
547 1935 647 1973 sama
679 1941 767 1986 est,
800 1934 1052 1985 Pleiadasque
1086 1937 1208 1986 parit.

110 1999 153 2031 85
176 1992 350 2038 Quarum
381 1991 479 2031 Maia
511 2005 601 2031 suas
633 1993 757 2031 forma
789 2005 995 2044 superasse
1029 2005 1185 2032 sorores

234 2049 447 2102 Traditur,
480 2057 519 2090 et
551 2063 702 2090 summo
736 2051 995 2090 concubuisse
1028 2051 1129 2090 lovi.

175 2108 278 2148 Haec
312 2110 423 2148 enixa
455 2111 546 2161 iugo
580 2110 865 2160 cupressiferae
900 2109 1100 2162 Cyllenes,

232 2168 460 2207 Aetherium
493 2168 642 2207 volucri
675 2170 741 2220 qui
772 2168 871 2220 pede
903 2170 1027 2220 carpit
1059 2170 1156 2208 iter.

175 2226 344 2265 Arcades
376 2227 480 2266 hunc
513 2226 724 2278 Ladonque
758 2239 873 2278 rapax
907 2233 946 2266 et
976 2227 1173 2266 Maenalus
1204 2228 1342 2279 ingens

110 2293 154 2324 90
233 2285 320 2324 Rite
353 2285 515 2337 colunt,
547 2285 637 2325 luna
671 2286 818 2325 credita
851 2292 955 2324 terra
986 2287 1116 2337 prior.

173 2343 273 2382 Exul
305 2343 351 2383 ab
383 2344 548 2384 Arcadia
579 2344 709 2384 Latios
741 2344 919 2383 Evander
950 2346 990 2383 in
1022 2356 1136 2397 agros
