1570 2527
543 111 585 144 v.
611 117 656 143 1v
675 111 797 144 48-v
817 110 872 142 64.
1325 105 1379 146 89

156 219 326 259 Consilio
360 219 517 269 fugiunt
549 218 737 270 aethera,
769 217 893 256 Ponte
912 248 922 268 ‚
954 221 1089 255 tuum.

157 278 327 317 Consilio
348 309 359 330 ‚
391 289 598 316 commune
633 288 788 315 sacrum
821 287 910 314 eum
943 275 1008 313 fiat
1038 275 1079 313 in
1111 286 1177 313 ara

157 336 362 376 Fratribus
381 368 392 389 ‚
424 335 572 374 alterna
607 336 675 386 qui
706 336 861 386 periere
893 346 1034 386 manu,

92 404 135 435 35
156 396 244 446 Ipsa
276 394 351 434 sibi
382 394 534 434 discors
554 425 565 446 7
597 399 795 444 tamquam
827 392 1036 431 mandetur
1067 391 1114 430 ab
1146 390 1247 443 illis,

158 453 361 493 Scinditur
392 455 433 492 in
465 459 597 505 partes
632 458 714 491 atra
747 451 872 490 favilla
904 451 1023 490 duas.

157 513 240 552 Hoc
261 544 272 564 ‚
303 513 494 564 memini,
527 512 723 563 quondam
756 511 841 549 fieri
873 522 951 548 non
984 521 1099 561 posse
1131 507 1344 560 loquebar,

158 571 212 611 Et
242 583 304 610 me
336 570 532 609 Battiades
565 570 694 609 iudice
727 569 847 608 falsus
880 574 986 608 erat:

161 629 301 669 Omnia
333 641 438 668 nunc
471 629 590 668 credo
610 661 620 680 ‚
654 641 743 668 cum
775 633 817 667 tu
850 639 928 666 non
961 626 1106 666 stultus
1138 625 1184 665 ab
1217 630 1324 665 arcto

93 696 138 728 40
158 689 284 740 Terga
303 719 314 740 ,
346 700 465 740 vapor
484 719 494 739 ‚
527 687 683 726 dederis
715 688 1006 736 Ausoniamque
1038 690 1173 737 petas.

159 746 263 786 Haec
297 758 389 797 ergo
422 746 489 785 lux
522 751 611 796 est,
645 758 743 796 quae
777 746 810 783 si
842 757 919 783 non
953 749 1037 783 orta
1070 744 1232 795 suisset,

159 805 273 844 Nulla
305 805 380 844 fuit
411 805 556 843 misero
590 805 688 842 festa
720 803 886 842 videnda
918 802 1035 841 mihi.

160 864 294 903 Edidit
326 863 422 902 haec
454 875 584 902 mores
617 862 693 901 illis
725 862 900 900 heroisin
933 872 1103 912 aequos,

165 923 262 969 Quis
296 928 380 961 erat
411 921 552 961 Eetion
584 922 813 972 Icariusque
845 925 979 971 pater.

96 989 140 1021 45
161 981 258 1020 Nata
290 981 479 1032 pudicitia
511 986 571 1019 est
601 978 632 1031 ’ἥ-
663 981 785 1019 moris
817 978 1072 1030 probitasque
1103 977 1304 1028 fidesque:

163 1041 212 1079 At
244 1052 322 1079 non
355 1045 448 1079 sunt
478 1041 553 1078 ista
585 1039 724 1090 gaudia
756 1044 846 1077 nata
878 1038 964 1089 die,

163 1099 240 1138 Sed
272 1098 382 1137 labor
415 1104 454 1137 et
486 1110 604 1137 curae
636 1099 873 1148 fortunaque
906 1095 1083 1135 moribus
1114 1097 1264 1146 impar,

162 1157 347 1209 Iustaque
382 1157 429 1195 de
462 1157 579 1196 viduo
611 1168 735 1207 paene
769 1155 941 1206 querella
974 1160 1081 1193 toro.

167 1216 325 1255 Scilicet
357 1216 531 1255 adversis
562 1215 738 1267 probitas
771 1216 943 1253 exercita
974 1213 1095 1252 rebus

98 1283 142 1314 50
163 1275 285 1314 Tristi
316 1276 520 1314 materiam
551 1280 729 1325 tempore
761 1273 887 1312 laudis
919 1272 1059 1311 habet.

166 1333 208 1373 Si
240 1333 336 1372 nihil
368 1334 501 1372 infesti
533 1333 657 1372 durus
690 1333 852 1371 vidisset
882 1331 1039 1383 Ulixes,

164 1392 360 1443 Penelope
394 1392 514 1444 felix,
548 1392 616 1430 sed
650 1393 734 1430 sine
767 1390 880 1429 laude
913 1390 1038 1428 foret.

164 1450 298 1490 Victor
330 1450 541 1489 Echionias
574 1452 607 1489 si
639 1452 697 1488 vir
728 1455 976 1501 penetrasset
1006 1449 1046 1486 in
1080 1459 1214 1499 arces,

165 1509 345 1548 Forsitan
379 1509 569 1548 Euadnen
601 1510 663 1547 vix
695 1520 764 1547 sua
797 1512 932 1546 nosset
964 1506 1132 1545 humus.

102 1577 146 1608 55
168 1568 266 1607 Cum
297 1567 403 1606 Pelia
436 1569 588 1619 genitae
621 1572 680 1606 tot
711 1568 820 1619 sint,
852 1578 924 1604 cur
956 1565 1098 1604 nobilis
1127 1576 1207 1617 una
1239 1560 1334 1602 est?

168 1626 317 1678 Nempe
351 1627 425 1665 fuit
455 1628 600 1665 misero
633 1631 756 1676 nupta
789 1624 892 1676 quod
926 1636 1004 1663 una
1035 1625 1142 1662 viro.

168 1685 321 1738 Effice,
353 1690 398 1724 ut
428 1685 564 1724 Iliacas
596 1690 729 1735 tangat
760 1685 869 1734 prior
901 1682 999 1722 alter
1030 1682 1222 1721 harenas:

168 1744 375 1783 Laodamia
409 1744 505 1782 nihil
537 1756 609 1782 cur
640 1744 836 1782 referatur
855 1773 866 1794 ,
899 1743 985 1781 erit.

167 1803 218 1842 Et
248 1809 343 1855 tua,
377 1803 481 1854 quod
513 1802 647 1841 malles
666 1833 677 1853 ‚
708 1803 833 1853 pietas
864 1802 997 1852 ignota
1029 1804 1229 1851 maneret,

107 1861 384 1914 601mple1·ent
416 1863 522 1900 venti
553 1862 587 1900 si
618 1873 704 1899 mea
735 1860 818 1899 vela
851 1861 935 1899 sui.

169 1921 216 1959 Di
248 1926 378 1960 tamen
411 1925 451 1959 et
483 1919 625 1959 Caesar
657 1920 717 1958 dis
750 1930 956 1958 accessure
976 1948 987 1970 ,
1019 1917 1088 1956 sed
1121 1916 1240 1968 olim,

172 1980 389 2030 Aequarint
419 1978 549 2030 Pylios
581 1990 671 2018 cum
704 1983 770 2017 tua
801 1977 878 2016 fata
911 1977 1018 2028 dies,

171 2037 258 2077 Non
290 2037 417 2089 mihi,
450 2039 517 2088 qui
548 2049 714 2088 poenam
747 2037 871 2075 fateor
903 2036 1125 2086 meruisse,
1158 2032 1227 2072 sed
1258 2032 1315 2071 illi

173 2096 328 2136 Parcite
347 2127 358 2149 ‚
391 2108 490 2148 quae
522 2096 628 2136 nullo
661 2096 776 2147 digna
809 2093 943 2133 dolore
975 2091 1102 2132 dolet!
