1570 2527
486 78 551 110 111.
577 84 622 110 XI
642 78 796 110 41—xn
816 77 872 109 35.
1294 71 1347 114 57

624 208 727 254 XII.

126 304 289 356 Frigora
320 305 397 343 iam
428 303 587 354 zephyri
620 303 831 354 minuunt,
864 313 1045 353 annoque
1076 306 1236 354 peracto

124 363 295 414 Longior
327 364 498 413 antiquis
530 362 610 399 visa
643 360 808 399 Tomitis
840 360 989 412 hiems,

125 422 414 474 Inpositamque
447 420 522 459 sibi
555 420 623 471 qui
654 431 731 458 non
764 419 863 458 bene
895 418 1059 470 pertulit
1090 417 1251 471 Hellen,

124 481 318 532 Tempora
351 480 556 518 nocturnis
589 490 711 529 acqua
745 478 885 517 diurna
918 478 1033 517 facit.

84 547 104 579 5
125 539 203 578 Iam
236 539 376 577 violam
407 539 599 589 puerique
632 537 767 588 legunt
797 536 1020 587 hilaresque
1053 534 1228 588 puellae,

125 597 284 636 Rustica
319 609 417 648 quae
451 595 555 635 nullo
589 600 678 634 nata
711 600 867 634 serente
899 597 1030 646 venit3

127 656 321 707 Prataque
353 655 578 706 pubescunt
610 655 808 692 variorum
840 654 936 692 ssore
969 653 1169 704 colorum,

124 714 366 764 IndociIIque
399 713 541 763 loquax
573 717 733 762 gutture
766 716 903 750 vernat
934 713 1037 763 avis3

124 772 252 824 thue
286 771 406 810 malae
439 772 575 810 matris
608 772 757 809 crimen
790 770 988 821 deponat,
1020 769 1189 808 hirundo

63 841 106 871 10
129 831 211 870 Sub
244 830 422 869 trabibus
455 841 576 868 cunas
609 833 791 879 tectaque
824 840 942 879 parva
974 828 1088 880 facit3

97 919 100 921 >
127 890 367 941 Herbaque,
400 901 499 940 quae
533 887 646 926 latuit
679 886 905 926 Cerealibus
938 886 1079 926 obruta
1111 885 1253 938 sulcis,

124 948 216 988 Exit
247 955 286 987 et
317 947 503 999 expandit
535 946 649 985 molle
683 958 871 985 cacumen
904 945 1046 997 humo3

127 1008 292 1059 Quoque
326 1007 411 1045 loco
444 1011 503 1045 est
529 1006 648 1057 vitis,
679 1005 726 1044 de
765 1004 923 1056 palmite
958 1015 1110 1055 gemma
1149 1008 1355 1043 movetur:

125 1067 222 1105 Nam
253 1066 393 1118 procul
425 1077 446 1104 a
478 1064 612 1103 Getico
645 1064 759 1103 litore
792 1064 881 1102 vitis
913 1062 1046 1115 abest3

65 1134 106 1165 15
128 1125 293 1176 Quoque
326 1125 410 1163 loco
445 1128 504 1163 est
536 1122 652 1162 arbor
671 1154 681 1174 ,
724 1123 916 1173 turgescit
954 1123 993 1161 in
1026 1120 1167 1160 arbore
1199 1133 1356 1161 ramus:

126 1184 224 1223 Nam
257 1183 395 1235 procul
428 1195 447 1221 a
481 1182 627 1221 Geticis
659 1181 802 1220 finibus
836 1180 953 1219 arbor
985 1179 1117 1220 abest.

127 1242 214 1282 Otia
245 1254 351 1281 nunc
383 1243 502 1293 istic,
534 1242 758 1291 iunctisque
791 1252 838 1279 ex
871 1238 1008 1278 ordine
1040 1238 1142 1278 ludis

127 1301 281 1341 Cedunt
312 1300 468 1339 verbosi
501 1299 658 1350 garrula
689 1298 790 1337 bella
823 1298 922 1337 fori.

126 1360 229 1399 Usus
262 1361 354 1411 equi
386 1370 492 1398 nunc
525 1363 613 1409 est,
645 1357 796 1396 levibus
829 1369 934 1395 nunc
967 1356 1115 1395 luditur
1148 1356 1290 1408 armis,

63 1428 108 1460 20
128 1419 241 1458 Nunc
273 1418 380 1469 pila,
412 1429 517 1456 nunc
551 1416 671 1455 celeri
704 1415 870 1454 volvitur
903 1413 997 1453 orbe
1031 1414 1219 1466 trochus,

128 1477 267 1529 Nunc,
307 1476 376 1515 ubi
406 1476 567 1527 perfusa
599 1479 661 1513 est
693 1474 777 1512 oleo
810 1473 994 1525 labente,
1026 1474 1210 1512 iuventus

129 1536 312 1575 Defessos
344 1539 454 1573 artus
487 1533 644 1584 Virgine
678 1533 822 1584 tinguit
853 1544 972 1582 aqua.

131 1594 279 1634 Scaena
311 1595 443 1644 viget,
477 1592 695 1642 studiisque
730 1591 838 1629 favor
870 1589 1109 1629 distantibus
1142 1589 1275 1642 ardet,

128 1652 283 1704 Proque
317 1651 445 1690 tribus
477 1655 664 1689 resonant
697 1655 807 1688 terna
841 1649 991 1688 theatra
1023 1649 1145 1688 foris.

65 1720 108 1752 25
130 1711 161 1752 Ο
196 1715 363 1763 quater,
395 1722 417 1748 o
451 1710 635 1761 quotiens
666 1720 746 1746 non
779 1713 839 1747 est
870 1719 1079 1747 numerare
1098 1738 1109 1760 ,
1141 1706 1322 1760 beatum,

128 1770 214 1810 Non
246 1769 456 1808 interdicta
488 1769 552 1807 cui
583 1766 676 1806 licet
707 1766 811 1805 Urbe
845 1765 944 1805 frui!

129 1829 179 1868 At
209 1828 304 1883 mihi
336 1829 505 1867 sentitur
537 1828 602 1865 nix
635 1837 756 1865 verno
789 1824 870 1864 sole
902 1825 1051 1878 soluta,

131 1888 317 1939 Quaeque
350 1886 437 1925 lacu
470 1885 568 1924 duro
601 1897 679 1923 non
713 1884 915 1923 fodiuntur
947 1895 1093 1935 aquae3

129 1946 211 1986 Nec
237 1957 343 1984 mare
371 1945 591 1984 concrescit
611 1943 731 1995 glacie
745 1973 756 1995 ,
783 1955 855 1982 nec
883 1948 925 1981 ut
950 1947 1064 1993 ante,
1090 1953 1161 1993 per
1181 1940 1360 1981 Histrum

68 2015 112 2046 30
135 2004 306 2045 Stridula
341 2003 591 2043 Sauromates
624 2002 798 2054 plaustra
830 2000 1026 2040 bubulcus
1058 2001 1159 2051 agit.

130 2064 325 2115 Incipient
356 2062 507 2114 aliquae
542 2067 673 2100 tamen
705 2061 782 2100 huc
815 2060 958 2099 adnare
992 2060 1171 2111 carinae,

131 2122 372 2174 Hospitaque
405 2122 446 2160 in
477 2120 593 2160 Ponti
624 2119 739 2159 litore
772 2120 915 2170 puppis
947 2119 1045 2157 erit.

133 2181 300 2220 Sedulus
333 2191 539 2219 occurram
570 2184 711 2218 nautae
731 2209 742 2229 ,
775 2178 956 2228 dictaque
990 2176 1137 2228 salute,

135 2239 237 2286 Quid
271 2240 429 2292 veniat,
462 2249 677 2289 quaeram,
710 2237 846 2288 quisve
880 2234 1069 2286 quibusve
1103 2234 1222 2274 locis.

69 2307 113 2338 35
133 2298 202 2337 Ille
235 2298 392 2349 quidem
423 2299 567 2336 mirum
600 2297 641 2334 ni
673 2295 720 2334 de
753 2295 913 2345 regione
946 2295 1166 2345 propinqua
