1570 2527
199 94 257 135 44
506 70 511 75 ’
754 96 980 128 TRISTIUM

274 251 277 253 ,
320 204 487 244 Saevum
518 203 730 255 praelustri
762 204 910 244 fulmen
943 204 989 244 ab
1021 206 1111 256 igne
1142 206 1271 245 venit.

319 262 433 313 [Nam
466 272 702 313 quamquam
740 263 811 302 soli
849 268 1015 314 possunt
1051 263 1240 315 prodesse
1271 269 1451 316 potentes
1464 296 1477 318 ‚

317 321 403 360 Non
435 322 561 372 prosit
591 322 723 372 potius
742 352 754 373 7
785 320 998 372 plurimum
1031 321 1169 361 obesse
1201 327 1332 373 potest
1346 322 1373 373 .]

315 378 463 430 Effugit
494 378 678 418 hibernas
711 379 880 419 demissa
913 385 1093 419 antemna
1124 380 1341 433 procellas,

260 446 302 476 10
323 438 497 488 Lataque
528 437 617 489 plus
649 439 780 488 parvis
812 438 895 477 vela
927 440 1081 477 timoris
1112 438 1279 478 habent.

314 496 498 547 Aspicis,
530 501 574 534 ut
605 508 756 535 summa
789 502 923 535 cortex
955 497 1053 535 levis
1084 498 1235 536 innatet
1265 497 1392 549 unda,

315 554 414 593 Cum
446 565 562 605 grave
594 566 693 593 nexa
726 554 842 593 simul
873 555 972 593 retia
1005 560 1156 605 mergat
1187 553 1322 594 onus?

313 612 418 651 Haec
451 624 521 663 ego
556 614 588 651 si
621 613 791 651 monitor
824 614 996 652 monitus
1028 614 1139 664 prius
1170 615 1255 665 ipse
1288 614 1474 667 fuissem,

314 670 358 710 ln
392 682 468 722 qua
500 669 689 710 debebam
708 702 720 723 ,
753 671 916 710 forsitan
949 670 1052 710 Urbe
1084 672 1232 712 forem.

250 736 292 767 15
313 728 414 768 Dum
446 734 578 768 tecum
609 730 716 781 vixi,
748 729 841 768 dum
873 741 934 768 me
966 730 1060 768 levis
1093 742 1187 768 aura
1218 730 1392 783 ferebat,

312 787 417 826 Haec
449 800 535 826 mea
566 799 637 838 per
668 787 839 838 placidas
873 788 1013 826 cumba
1045 789 1225 827 cucurrit
1255 801 1402 840 aquas.

314 845 391 891 Qui
417 846 520 884 cadit
545 847 585 884 in
611 845 726 897 plano
746 877 757 898 ,
780 868 828 873 —
858 848 921 884 vix
942 846 1016 885 hoc
1036 851 1167 885 tamen
1188 849 1317 886 evenit
1336 849 1467 900 ipsum
1485 870 1533 877 —

315 904 378 943 Sic
412 903 542 957 cadit,
575 909 619 943 ut
650 909 752 943 tacta
784 916 945 955 surgere
979 906 1104 955 possit
1134 905 1278 945 humo:

312 963 362 1001 At
393 964 514 1001 miser
545 961 718 1013 Elpenor
750 966 855 1002 tecto
889 962 1071 1014 delapsus
1104 962 1151 1002 ab
1183 963 1260 1002 alto

249 1028 292 1059 20
313 1020 498 1060 Occurrit
529 1023 614 1072 regi
646 1020 784 1060 debilis
816 1018 954 1061 umbra
987 1034 1081 1060 suo.

312 1079 414 1125 Quid
447 1079 550 1131 fuit,
580 1085 625 1118 ut
657 1085 760 1118 tutas
793 1081 958 1130 agitaret
988 1079 1179 1119 Daedalus
1212 1080 1314 1134 alas,

310 1137 444 1176 Icarus
476 1139 674 1176 inmensas
707 1139 864 1177 nomine
898 1139 1025 1189 signet
1057 1136 1212 1190 aquas?

311 1196 459 1248 Nempe
492 1196 596 1248 quod
628 1196 692 1235 hic
725 1196 799 1236 alte
819 1227 830 1248 ,
863 1197 1073 1236 demissius
1106 1197 1171 1236 ille
1204 1197 1377 1251 volabat3

309 1254 407 1293 Nam
438 1266 586 1306 pennas
621 1254 733 1293 ambo
765 1266 844 1293 non
875 1255 1048 1294 habuere
1081 1267 1193 1295 suas.

247 1320 290 1351 25
312 1312 436 1351 Crede
470 1313 566 1351 mihi
584 1345 595 1364 ,
626 1313 726 1351 bene
761 1315 827 1363 qui
859 1313 1000 1364 latuit,
1032 1313 1130 1352 116116
1163 1315 1288 1366 vixit,
1321 1321 1360 1354 et
1390 1317 1492 1355 intra

310 1370 524 1410 Fortunam
556 1370 673 1409 debet
705 1373 871 1422 quisque
904 1383 1061 1410 manere
1094 1384 1227 1412 suam.

310 1428 397 1467 Non
430 1429 532 1468 foret
564 1428 760 1468 Eumedes
793 1429 913 1468 orbus
932 1460 943 1481 ,
979 1431 1011 1468 si
1043 1430 1146 1469 filius
1178 1432 1264 1470 eius

312 1487 464 1526 Stultus
496 1487 692 1526 Achilleos
724 1499 802 1527 non
834 1488 1052 1528 adamasset
1083 1501 1228 1541 equos3

310 1545 391 1585 Nec
423 1551 559 1585 natum
589 1547 631 1585 in
662 1546 815 1585 flamma
846 1547 1036 1599 vidisset,
1067 1548 1107 1585 in
1139 1547 1280 1587 arbore
1311 1555 1445 1602 natas,

245 1612 290 1643 30
311 1604 489 1655 Cepisset
519 1606 672 1655 genitor
705 1607 737 1643 si
769 1605 1011 1644 Phaethonta
1042 1605 1221 1657 Merops.

311 1661 371 1701 Tu
404 1674 561 1714 quoque
594 1663 759 1701 formida
791 1664 954 1702 nimium
987 1663 1168 1702 sublimia
1200 1676 1378 1718 semper,

309 1719 616 1772 Propositique,
648 1732 790 1771 precor
810 1751 820 1769 ,
852 1720 1038 1760 contrahe
1070 1721 1153 1760 vela
1184 1724 1266 1762 tui.

308 1778 406 1817 Nam
437 1779 536 1830 pede
568 1780 759 1818 inoffenso
792 1780 960 1830 spatium
993 1780 1206 1819 decurrere
1238 1783 1338 1821 vitae

309 1836 458 1888 Dignus
491 1849 532 1876 es
565 1843 605 1877 et
636 1837 714 1876 fato
747 1837 972 1876 candidiore
1005 1838 1108 1877 frui.

246 1902 290 1935 35
311 1895 418 1940 Quae
450 1907 521 1946 pro
554 1901 592 1934 te
623 1901 668 1935 ut
699 1907 857 1934 voveam
876 1928 887 1948 ,
919 1897 1004 1935 miti
1036 1898 1181 1947 pietate
1213 1899 1378 1937 mereris

309 1953 563 2005 Haesuraque
595 1954 670 1993 fide
703 1960 858 2005 tempus
890 1956 931 1993 in
963 1967 1078 1994 omne
1110 1955 1228 1996 mihi.

310 2011 398 2051 Vidi
429 2024 499 2063 ego
532 2017 571 2050 te
603 2012 670 2051 tali
701 2012 810 2051 vultu
842 2025 927 2052 mea
960 2013 1034 2052 fata
1067 2020 1313 2067 gementem,

310 2070 472 2116 Qualem
504 2071 690 2109 credibile
723 2076 783 2110 est
813 2083 880 2110 ore
912 2071 1034 2110 fuisse
1066 2084 1179 2112 meo,

310 2128 452 2168 Nostra
484 2134 571 2168 tuas
603 2129 682 2168 vidi
713 2129 892 2168 lacrimas
925 2142 1044 2181 super
1077 2142 1144 2168 ora
1176 2130 1383 2183 cadentes,

243 2194 288 2226 40
309 2186 502 2239 Tempore
536 2199 631 2238 quas
664 2199 741 2226 uno
774 2188 927 2239 fidaque
960 2187 1077 2226 verba
1109 2187 1212 2227 bibi.

308 2244 420 2284 Nunc
454 2258 611 2297 quoque
644 2251 883 2285 summotum
915 2246 1044 2285 studio
1077 2246 1254 2287 defendis
1285 2249 1475 2300 amicum,

307 2302 358 2342 Et
389 2303 487 2343 mala
520 2305 583 2343 vix
615 2304 694 2344 ulla
723 2310 834 2357 parte
866 2304 1026 2344 levanda
1057 2304 1184 2345 levas.
