1570 2527
113 108 198 151 202
656 111 720 142 Ex
745 110 901 142 PONTO

291 219 457 270 Exiguas
490 230 606 269 carpo
639 230 801 257 munere
834 231 983 270 pauper
1015 232 1130 270 opes.

231 277 310 316 Nec
344 279 482 316 vestris
511 277 645 315 damus
672 277 767 316 haec
800 277 923 316 0011115
943 310 953 329 ,
986 278 1124 329 procul
1151 278 1253 317 Urbe
1287 281 1450 319 remoti:

290 336 470 375 Contenti
505 337 619 374 tacita
653 335 721 374 sed
753 337 896 387 pietate
930 349 1087 375 sumus.

145 403 209 434 125
230 394 279 434 Et
311 401 440 433 tamen
473 394 567 432 haec
601 400 760 445 tangent
792 395 998 445 aliquando
1033 395 1208 434 Caesaris
1241 408 1378 436 aureS.

289 453 350 491 Nil
382 452 466 504 illi,
500 458 581 491 toto
616 453 719 503 quod
752 454 794 491 fit
826 455 865 491 in
899 453 991 491 orbe
1011 485 1022 505 ,
1054 454 1168 492 latet.

230 512 286 550 Tu
323 516 429 550 certe
463 513 539 550 scis
572 511 673 563 hoc,
707 513 860 562 superis
893 513 1042 563 ascite,
1076 511 1285 564 videsque,

291 569 459 621 Caesar,
495 576 535 608 ut
569 576 627 609 est
659 569 781 608 oculis
815 569 969 608 subdita
1001 576 1106 608 terra
1138 572 1238 610 tuis.

231 628 289 667 Tu
322 634 475 667 nostras
509 629 618 667 audis
652 630 754 667 inter
788 641 957 667 convexa
989 628 1138 667 locatus

144 696 209 726 130
291 687 425 726 Sidera
445 718 455 738 ,
489 686 652 726 sollicito
687 699 782 738 quas
815 687 949 726 damus
983 699 1078 739 ore,
1112 699 1272 738 preces.

233 745 482 795 [Perveniant
514 747 615 784 istuc
649 751 687 784 et
714 748 885 784 carmina
918 746 1080 785 forsitan
1111 746 1174 785 1113
1192 777 1203 798 ,

291 804 396 849 Quae
430 805 476 842 de
510 810 547 843 10
580 806 669 842 misi
701 805 836 843 caelite
870 806 968 843 13013
1002 816 1099 842 novo
1116 804 1141 854 .]

231 863 412 913 Auguror
444 863 504 901 his
537 864 656 913 igitur
688 863 793 902 flecti
827 870 889 902 tua
923 865 1081 901 numina
1102 895 1110 902 .
1167 875 1239 901 nec
1271 870 1314 902 tu

288 921 473 960 Inmerito
508 933 650 960 nomen
683 923 775 960 mite
808 922 982 972 parentis
1014 921 1159 960 habes.

748 1050 801 1095 X.

229 1154 333 1193 Haec
365 1154 459 1193 mihi
493 1154 700 1193 Cimmerio
734 1154 793 1193 bis
827 1156 941 1193 tertia
973 1154 1130 1194 ducitur
1162 1160 1288 1194 aestas

287 1213 418 1252 Litore
450 1213 603 1263 pellitos
636 1216 738 1252 inter
771 1213 918 1263 agenda
950 1212 1088 1252 Getas.

227 1271 383 1322 Ecquos
416 1278 458 1310 tu
491 1271 649 1323 silices,
683 1272 862 1323 ecquod,
896 1272 1125 1323 carissime,
1158 1272 1307 1311 ferrum

288 1330 460 1370 Duritiae
494 1331 679 1381 confers,
712 1329 947 1368 Albinovane
967 1361 977 1381 ,
1010 1328 1153 1370 meae?

188 1398 207 1426 5
229 1388 346 1427 Gutta
379 1394 486 1427 cavat
517 1388 708 1439 lapidem:
753 1390 997 1427 consumitur
1030 1388 1169 1428 anulus
1202 1401 1300 1428 usu:

288 1448 482 1486 Atteritur
513 1459 649 1498 pressa
681 1459 813 1485 vomer
845 1447 1020 1486 aduncus
1052 1447 1194 1486 humo.

227 1505 398 1556 Tempus
432 1505 526 1544 edax
560 1507 679 1556 igitur
711 1511 866 1556 praeter
899 1517 969 1544 nos
1002 1507 1130 1544 omnia
1161 1505 1314 1557 perdit:
1368 1514 1444 1545 (131)

288 1563 423 1603 Cessat
454 1564 597 1602 duritia
631 1576 736 1602 mors
770 1576 924 1615 quoque
957 1565 1057 1602 111013
1089 1577 1197 1603 mea.

228 1621 459 1673 Exemplum
492 1628 550 1661 est
582 1624 700 1661 animi
731 1624 895 1661 nimium
928 1624 1111 1673 patientis
1144 1622 1298 1675 Ulixes,

166 1689 208 1720 10
288 1680 455 1720 130131115
489 1680 606 1719 dubio
639 1693 709 1731 per
741 1681 817 1719 duo
850 1681 972 1720 lustra
1004 1683 1123 1720 mari.

228 1738 420 1789 Tempora
452 1739 608 1777 solliciti
639 1740 707 1777 sed
740 1751 817 1777 non
851 1744 979 1778 tamen
1012 1742 1139 1778 omnia
1172 1740 1241 1778 1311

287 1797 482 1848 Pertulit,
515 1803 553 1835 et
584 1797 755 1847 placidae
789 1809 902 1848 saepe
934 1798 1044 1836 fuere
1076 1809 1233 1836 morae.

227 1855 285 1894 An
318 1867 432 1905 grave
465 1867 532 1894 sex
566 1857 676 1893 annis
708 1855 910 1906 pulchram
943 1856 1085 1894 fovisse
1119 1855 1302 1908 Calypso,

286 1914 511 1964 Aeaeaeque
544 1914 618 1952 11111
649 1913 908 1953 concubuisse
941 1912 1070 1952 deae?

164 1980 206 2011 15
227 1971 381 2023 Excipit
412 1971 679 2023 Hippotades,
713 1974 780 2023 qui
812 1972 876 2010 dat
907 1985 977 2023 pro
1011 1985 1172 2012 munere
1206 1980 1365 2026 ventOS,

287 2030 431 2068 Curvet
463 2036 505 2069 ut
537 2030 713 2081 inpulsos
746 2030 851 2069 utilis
884 2043 976 2070 aura
1009 2032 1141 2070 sinus.

226 2088 306 2127 Nec
339 2089 438 2128 bene
472 2091 663 2128 cantantis
696 2088 805 2127 labor
838 2095 897 2128 est
928 2089 1062 2128 audire
1094 2089 1266 2140 puellas:

285 2146 366 2187 Nec.
399 2147 621 2198 degustanti
653 2147 752 2186 lotos
785 2159 913 2186 amara
945 2149 1044 2188 fuit.

229 2204 307 2243 Hos
340 2217 410 2256 ego
431 2236 441 2254 ,
475 2207 541 2256 qui
573 2208 720 2256 patriae
755 2207 896 2244 13013111
927 2205 1065 2244 oblivia
1085 2238 1095 2258 ,
1128 2218 1244 2245 sucos

161 2271 206 2302 20
285 2263 398 2302 Parte
431 2276 538 2303 meae
572 2266 699 2316 vitae,
733 2266 765 2303 si
797 2264 909 2303 modo
942 2264 1082 2303 dentur
1106 2295 1116 2315 ,
1149 2263 1295 2303 emam!

228 2321 325 2370 [Nec
359 2328 399 2361 tu
433 2323 645 2362 contuleris
679 2322 816 2362 urbem
847 2322 1121 2373 Laestrygonis
1155 2333 1338 2374 umquam
