1570 2527
564 147 623 179 Ν.
651 154 699 179 111
720 148 840 180 ,τω-ν
866 148 898 180 9.
1322 146 1399 187 191

240 255 296 294 Ne
329 254 453 294 titulis
486 256 695 306 quicquam
730 253 869 294 debeat
901 254 966 294 ille
1000 256 1104 294 suis.

183 314 353 354 Cernere
385 315 460 352 iam
493 313 628 352 videor
659 314 790 364 rumpi
820 325 943 364 paene
977 315 1073 352 atria
1108 313 1243 365 turba,

239 371 289 411 Et
320 372 508 424 populum
541 371 642 410 laedi
674 371 879 410 deficiente
912 372 1022 423 loco,

181 431 418 483 Templaque
450 430 638 482 Tarpeiae
670 431 841 481 primum
874 430 945 469 tibi
977 430 1080 469 sedis
1114 430 1235 483 adiri,

116 498 160 529 30
240 489 290 528 Et
321 490 408 528 fieri
439 489 571 528 faciles
602 491 643 528 in
676 495 741 528 tua
773 495 860 527 vota
893 488 1010 528 deos:

182 548 286 587 Colla
317 547 436 587 boves
468 549 602 586 niveos
635 553 764 586 certae
797 546 986 598 praebere
1020 549 1172 599 securi,
1332 557 1404 589 (113)

240 607 347 652 Quos
380 606 475 645 aluit
507 607 652 658 campis
684 605 806 644 herba
837 605 985 644 Falisca
1018 607 1123 646 suis.

182 664 358 716 Cumque
391 664 485 704 deos
518 677 682 716 omnes,
716 671 798 704 tum
832 676 930 715 quos
962 666 1166 715 inpensius
1199 676 1345 717 aequos

239 723 337 762 Esse
370 723 441 762 tibi
474 725 637 775 cupias,
671 735 759 762 cum
792 723 880 761 Iove
915 722 1055 762 Caesar
1088 729 1226 763 erunt.

118 791 161 822 35
185 782 302 822 Curia
334 788 372 821 te
405 784 603 834 excipiet,
634 789 845 833 patresque
879 793 899 819 e
933 793 1040 820 more
1074 783 1198 820 vocati

240 840 450 880 Intendent
481 853 596 879 aures
629 840 674 879 ad
708 846 773 879 tua
805 839 922 878 verba
955 852 1068 879 suas.

179 898 260 938 Hos
292 898 360 938 ubi
392 899 558 938 facundo
591 905 656 938 tua
690 910 760 937 vox
794 898 1019 938 hilaraverit
1050 911 1141 950 ore,

240 957 368 1009 thue
401 958 528 1010 solet,
560 957 695 996 tulerit
727 969 916 1009 prospera
948 957 1066 996 verba
1099 957 1206 1008 dies,

181 1016 319 1068 Egeris
353 1022 391 1055 et
423 1018 581 1055 meritas
615 1018 769 1068 superis
802 1028 890 1055 cum
925 1016 1089 1055 Caesare
1122 1022 1275 1068 grates,
1302 1037 1346 1043 -—

115 1083 160 1115 40
241 1075 316 1121 Qui
348 1087 504 1114 causam
523 1107 534 1127 ,
567 1075 684 1114 facias
717 1087 787 1114 cur
819 1076 873 1114 ita
905 1087 1049 1127 saepe,
1083 1074 1189 1114 dabit
1213 1096 1257 1101 -

180 1133 274 1172 Inde
307 1133 464 1172 domum
497 1141 653 1185 repetes
685 1139 768 1173 toto
801 1135 1010 1173 comitante
1044 1139 1204 1186 senatu,

241 1191 424 1231 Officium
456 1192 592 1244 populi
624 1194 685 1231 vix
719 1193 896 1244 capiente
929 1193 1068 1231 domo.

181 1250 241 1289 Me
274 1252 492 1302 miserum,
525 1250 639 1290 turba
672 1250 774 1302 quod
808 1263 886 1289 non
919 1263 989 1302 ego
1023 1262 1162 1290 cernar
1194 1252 1234 1290 in
1265 1249 1351 1302 illa,

240 1308 321 1348 Nec
353 1316 540 1360 poterunt
572 1311 658 1348 istis
690 1310 836 1348 lumina
869 1315 1002 1348 nostra
1034 1308 1135 1348 frui!

117 1376 160 1406 45
182 1367 403 1413 Quamlibet
435 1367 637 1407 absentem
656 1399 667 1419 ,
701 1380 776 1419 qua
807 1379 967 1419 possum
988 1399 998 1419 ‚
1031 1373 1162 1407 mente
1194 1367 1356 1406 videbo:

239 1427 409 1477 Aspiciet
444 1426 573 1465 vultus
607 1426 778 1466 consulis
811 1426 874 1465 illa
906 1428 989 1465 sui.

181 1485 225 1524 Di
258 1485 430 1537 saciant,
463 1485 591 1536 aliquo
624 1485 760 1524 subeat
793 1484 862 1524 tibi
896 1491 1072 1537 tempore
1104 1490 1284 1524 nostrum

239 1543 418 1597 Nomen,
452 1551 490 1583 et
522 1541 619 1583 ‘heu
641 1541 670 1583 !'
705 1543 810 1582 dicas
844 1541 956 1594 ‘quid
990 1545 1108 1582 miser
1141 1543 1206 1582 ille
1238 1540 1385 1582 facit?'

181 1601 284 1641 Haec
317 1609 383 1642 tua
416 1603 625 1654 pertulerit
657 1604 779 1653 siquis
813 1602 906 1640 mihi
940 1602 1085 1653 verba,
1118 1602 1269 1641 fatebor

117 1670 160 1700 50
241 1661 425 1700 Protinus
458 1661 614 1701 exilium
649 1661 802 1700 mollius
836 1672 921 1699 esse
954 1672 1108 1700 meum.

703 1789 756 1836 V.

181 1894 236 1934 Ite
257 1927 267 1945 ,
299 1894 401 1934 leves
436 1894 563 1946 elegi,
595 1894 729 1935 doctas
762 1895 806 1934 ad
840 1895 1012 1935 consulis
1045 1907 1184 1947 aures,

240 1952 442 2005 Verbaque
476 1953 665 1993 honorato
698 1955 797 1993 ferte
832 1954 992 2006 legenda
1024 1956 1130 1993 vim.

180 2011 310 2062 Longa
337 2014 395 2050 via
423 2018 505 2063 est,
538 2024 608 2051 nec
635 2025 702 2052 vos
730 2013 895 2064 pedibus
921 2012 1133 2064 proceditis
1160 2013 1294 2063 aequis
1328 2021 1401 2051 (114)

239 2069 437 2121 Tectaque
470 2071 637 2110 brumali
670 2071 742 2111 sub
775 2073 861 2111 nive
896 2079 1000 2110 terra
1032 2072 1146 2110 latet.

139 2136 158 2167 5
181 2128 277 2168 Cum
309 2130 474 2180 gelidam
507 2129 684 2169 Thracen
725 2138 762 2169 et
794 2137 975 2182 opertum
1008 2129 1178 2169 nubibus
1210 2129 1400 2169 Haemum

238 2187 287 2226 Et
319 2190 436 2227 maris
470 2188 566 2227 lonii
600 2191 835 2228 transieritis
869 2201 1011 2241 aquas,

180 2245 284 2285 Luce
318 2249 448 2286 minus
480 2248 628 2286 decima
661 2248 857 2287 dominam
890 2249 1053 2286 venietis
1085 2249 1124 2286 in
1157 2247 1325 2300 Urbem,

239 2304 288 2343 Ut
320 2306 544 2346 festinatum
579 2319 655 2345 non
690 2308 838 2346 [aciatis
870 2308 969 2345 iter.

179 2363 365 2403 Protinus
396 2365 486 2404 inde
520 2366 658 2405 domus
691 2365 799 2405 vobis
833 2364 1015 2417 Pompeia
1047 2371 1226 2418 petatur:
