1570 2527
168 114 252 155 114
763 115 908 147 IBIDIS

284 223 334 263 Ut
365 225 465 264 iacet
496 224 618 263 Aonio
650 223 818 262 luctator
851 222 897 262 ab
929 223 1083 274 hospite
1115 223 1250 276 fusus,

343 283 447 333 Qui,
480 283 652 334 mirum,
685 283 838 333 victor,
871 293 961 320 cum
994 281 1228 334 cecidisset,
1259 288 1366 322 erat:

195 348 261 379 395
283 340 333 379 Ut
365 352 463 391 quos
495 341 631 379 Antaei
663 341 785 379 fortes
817 352 997 391 pressere
1029 340 1190 380 lacerti:

344 394 544 452 [Quosque
575 399 680 437 ferae
713 400 829 437 morti
861 398 1019 437 Lemnia
1052 398 1167 437 turba
1198 399 1304 438 dedit
1318 398 1346 449 z]

283 456 332 495 Ut
365 458 432 507 qui
463 462 552 507 post
583 456 742 507 longum
761 488 772 508 ,
803 458 904 495 sacri
936 462 1173 495 monstrator
1205 458 1354 510 iniqui,
1446 465 1502 499 (19)

342 514 487 553 Elicuit
518 514 668 565 pluvias
700 516 856 553 victima
889 526 1025 553 caesus
1059 526 1202 564 aquas:

283 573 421 611 Frater
452 579 496 612 ut
526 574 662 612 Antaei
695 585 771 623 quo
805 574 992 623 sanguine
1026 572 1190 623 debuit,
1222 584 1308 612 aras

194 639 261 670 400
341 631 503 683 Tinxit,
536 639 574 670 et
605 631 792 681 exemplis
824 631 969 669 occidit
1000 631 1083 682 ipse
1116 632 1225 671 suis:

283 688 333 728 Ut
364 691 431 740 qui
463 689 659 728 terribiles
692 701 763 740 pro
795 701 954 740 gramen
986 688 1221 728 habentibus
1252 688 1385 729 herbis

341 747 488 799 Impius
519 747 689 786 humano
722 749 871 786 viscere
902 749 1008 799 pavit
1040 759 1186 798 equos:

284 805 334 844 Ut
366 806 443 844 duo
476 805 639 844 diversis
672 805 744 844 sub
777 806 913 844 eodem
946 805 1097 844 vindice
1129 806 1234 845 caesi

341 863 577 903 Vulneribus
596 896 607 916 ,
638 863 786 902 Nessus
817 864 1106 914 Dexamenique
1139 876 1283 915 gener:

194 930 261 961 405
284 921 334 961 Ut
364 934 590 973 pronepos,
623 921 790 961 Saturne
810 952 821 973 ,
853 928 944 961 tuus
963 953 974 974 ,
1010 934 1126 972 quem
1157 922 1324 962 reddere
1357 923 1473 962 vitam

342 979 446 1019 Urbe
479 980 692 1019 Coronides
724 980 820 1019 vidit
853 980 899 1018 ab
932 982 1015 1030 ipse
1050 992 1142 1019 sua:

283 1038 334 1077 Ut
366 1038 469 1077 Sinis
502 1045 542 1077 et
574 1038 714 1077 Sciron
747 1045 785 1077 et
817 1051 907 1077 cum
938 1038 1200 1089 Polypemone
1233 1044 1371 1078 natus:

343 1097 497 1148 Quique
529 1097 645 1135 homo
677 1103 787 1147 parte
821 1098 910 1148 sui,
942 1102 1053 1147 parte
1085 1098 1275 1136 iuvencus
1309 1102 1415 1136 erat:

285 1155 440 1206 Quique
472 1155 603 1194 trabes
635 1167 791 1206 pressas
823 1157 863 1193 in
888 1155 1053 1193 humum
1084 1155 1264 1194 mittebat
1294 1156 1335 1195 in
1366 1167 1502 1207 auraS,

196 1223 262 1252 410
342 1215 535 1264 Aequoris
567 1215 760 1265 aspiciens
793 1213 909 1252 huius
942 1218 981 1251 et
1011 1213 1130 1252 huius
1161 1225 1304 1264 aquas:

284 1271 470 1323 Quaeque
503 1271 621 1311 Ceres
653 1272 753 1310 laeto
786 1272 881 1310 vidit
911 1273 1116 1322 pereuntia
1148 1271 1257 1311 vultu

343 1330 515 1381 Corpora
547 1330 698 1368 Thesea
730 1330 952 1380 Cercyonea
983 1342 1123 1368 manu.

284 1388 388 1427 Haec
420 1388 515 1440 tibi,
555 1400 671 1439 quem
704 1390 854 1427 meritis
886 1387 1071 1438 precibus
1106 1400 1192 1426 mea
1226 1387 1390 1427 devovet
1421 1389 1502 1440 ira,

342 1446 562 1498 Eveniant,
595 1452 661 1485 aut
691 1446 752 1485 his
783 1459 862 1484 non
894 1446 1039 1485 leviora
1070 1446 1204 1485 malis:

195 1514 262 1544 415
285 1505 417 1551 Qualis
449 1505 756 1544 Achaemenides
789 1504 919 1543 Sicula
951 1504 1130 1543 desertus
1162 1506 1203 1543 in
1233 1504 1380 1558 Aetna,

344 1564 483 1602 Troica
516 1575 605 1602 curn
638 1563 733 1602 vidit
764 1563 847 1602 vela
879 1564 1012 1602 venire
1031 1594 1043 1614 ,
1075 1563 1172 1602 suit:

285 1621 419 1668 Qualis
451 1627 536 1660 erat
565 1634 639 1660 nec
671 1634 749 1660 11011
782 1621 937 1660 fortuna
968 1621 1179 1660 binominis
1210 1620 1286 1673 Iri,

345 1679 518 1730 [Quique
550 1685 688 1718 tenent
717 1686 875 1730 pontem
895 1710 905 1730 ,
939 1691 1037 1730 quae
1069 1679 1142 1718 tibi
1171 1680 1296 1718 maior
1327 1680 1402 1718 erit
1415 1678 1442 1729 .]

285 1737 406 1776 Filius
439 1743 477 1776 et
509 1737 663 1776 Cereris
695 1738 841 1776 frustra
872 1737 943 1775 tibi
975 1749 1130 1787 semper
1162 1743 1336 1789 ametur,
1444 1739 1502 1783 (20)

196 1805 264 1836 420
343 1796 615 1846 Destituatque
647 1800 734 1834 tuas
767 1807 892 1845 usque
925 1796 1071 1845 petitus
1103 1807 1224 1846 opes:

286 1854 413 1905 thue
445 1866 516 1905 per
548 1853 719 1892 alternos
751 1853 852 1892 unda
885 1853 1037 1892 labente
1070 1864 1257 1892 recursus

346 1911 598 1951 Subtrahitur
629 1924 765 1962 presso
797 1911 924 1950 mollis
956 1911 1100 1950 harena
1131 1911 1246 1962 pedi,

288 1970 352 2010 Sic
383 1976 449 2009 tua
482 1971 614 2009 nescio
648 1983 723 2021 qua
755 1981 909 2021 semper
941 1970 1098 2008 fortuna
1129 1969 1343 2022 liquescat,

345 2028 547 2081 Lapsaque
579 2040 650 2080 per
681 2028 826 2068 medias
860 2027 993 2066 efssuat
1024 2040 1149 2079 usque
1181 2039 1342 2067 manus.

199 2096 266 2126 425
288 2087 416 2138 thue
448 2094 559 2138 pater
591 2087 726 2126 solitae
754 2087 878 2126 varias
911 2092 1061 2125 mutare
1094 2086 1262 2138 figuras,

344 2146 490 2185 Plenus
522 2147 735 2185 inextincta
768 2145 981 2184 destituare
1015 2145 1138 2182 same.

287 2203 367 2243 Nec
400 2204 508 2255 dapis
541 2204 731 2243 humanae
765 2203 836 2243 tibi
867 2205 945 2242 sint
976 2202 1157 2241 fastidia.
1208 2213 1361 2253 quaque

345 2262 460 2301 Parte
493 2268 634 2314 potes,
666 2262 820 2313 Tydeus
853 2262 1040 2312 temporis
1072 2260 1189 2299 huius
1221 2261 1323 2299 eris.

288 2321 414 2372 Atque
447 2320 591 2371 aliquid
624 2322 771 2373 facias,
803 2333 823 2359 a
854 2331 1016 2371 vespere
1048 2318 1148 2358 Solis
1180 2317 1227 2357 ad
1259 2323 1368 2357 ortus
