1570 2527
157 121 243 162 324
698 121 950 154 FASTORUM

333 229 393 269 Me
425 230 550 280 fugit.
607 241 654 267 ex
685 229 813 280 aliquo
846 234 906 268 est
936 229 1166 267 invenienda
1198 228 1294 268 deo.

276 288 405 327 Pliade
438 294 526 326 nate
547 319 557 338 ,
588 299 702 326 mone
721 318 732 339 ‚
764 289 870 338 virga
901 288 1119 326 venerande
1151 286 1324 338 potenti!

336 347 458 397 Saepe
491 345 562 384 tibi
595 345 717 397 Stygii
748 348 854 397 regia
885 348 964 384 visa
997 346 1119 384 Iovis.

276 404 390 442 Venit
420 404 602 443 adoratus
635 404 866 443 Caducifer.
924 405 1055 455 accipe
1088 416 1243 442 causam

188 471 256 502 450
334 462 540 501 Nominis:
584 475 629 501 ex
661 465 746 513 ipso
779 469 838 501 est
869 464 1022 513 cognita
1054 475 1169 501 causa
1201 463 1295 500 deo.

277 521 464 559 Romulus
497 526 540 559 ut
571 522 720 560 tumulo
753 522 944 560 fraternas
976 521 1149 559 condidit
1179 520 1360 572 umbras,

335 578 385 618 Et
417 579 513 618 male
546 580 667 618 veloci
699 581 801 618 iusta
833 579 958 618 soluta
988 579 1134 631 Remo,

280 637 489 676 Faustulus
522 637 655 676 infelix
687 643 726 677 et
757 640 881 689 passis
913 639 1012 676 Acca
1045 637 1192 689 capillis

336 696 578 747 spargebant
608 696 777 735 lacrimis
809 709 896 735 ossa
927 702 1085 748 perusta
1118 698 1221 735 suis.

188 763 256 793 455
278 754 371 793 Inde
404 755 561 793 domum
594 755 760 794 redeunt
792 755 864 794 sub
896 757 1019 806 prima
1052 754 1282 805 crepuscula
1313 755 1473 806 maesti,

336 813 463 863 thue
497 819 608 865 erat,
640 815 680 851 in
713 814 811 852 duro
843 813 1089 868 procubuere
1122 820 1231 852 toro.

278 871 420 910 Umbra
453 877 615 910 cruenta
646 872 758 910 Remi
789 874 869 910 visa
901 878 961 910 est
992 873 1175 910 assistere
1207 871 1330 923 lecto,

335 930 461 980 Atque
493 929 588 968 haec
622 932 760 980 exiguo
793 942 995 969 murmure
1026 929 1144 968 verba
1174 930 1304 980 loqui:

277 984 357 1026 ‘En
390 1000 459 1038 ego
493 987 694 1026 dimidium
727 990 846 1027 vestri
877 1001 1045 1039 parsque
1079 988 1198 1026 altera
1230 990 1331 1039 voti,
1417 996 1491 1029 (178)

189 1054 257 1085 460
336 1046 492 1085 Ceruite
511 1077 522 1097 ‚
555 1048 628 1084 sim
659 1046 813 1098 qualis,
847 1048 913 1096 qui
945 1047 1057 1084 modo
1091 1046 1215 1097 qualis
1247 1045 1376 1085 eram!

279 1104 355 1150 Qui
387 1104 528 1155 modo,
562 1106 594 1142 si
626 1105 803 1143 volucres
835 1104 1058 1143 habuissem
1090 1116 1210 1155 regna
1241 1103 1444 1156 iubentes,

335 1162 379 1200 In
410 1162 554 1213 populo
586 1165 695 1213 potui
728 1164 918 1201 maximus
951 1175 1036 1201 esse
1069 1175 1178 1214 meo,

276 1221 388 1259 Nunc
421 1220 550 1271 elapsa
581 1222 665 1271 rogi
696 1221 859 1259 flammis
893 1227 931 1259 et
961 1222 1087 1259 inanis
1118 1222 1266 1273 imago,

336 1278 440 1317 Haec
473 1285 532 1317 est
564 1292 610 1317 ex
641 1279 706 1317 illo
738 1280 862 1317 forma
894 1279 1028 1332 relicta
1060 1278 1204 1317 Remo!

189 1346 256 1376 465
278 1337 363 1376 Heu
396 1337 463 1375 ubi
494 1336 597 1375 Mars
628 1344 739 1388 pater
771 1335 870 1376 est?
914 1339 946 1375 si
978 1349 1045 1375 vos
1077 1337 1192 1375 modo
1228 1349 1316 1375 vera
1348 1337 1492 1388 locuti,

335 1395 541 1446 Uberaque
575 1397 760 1446 expositis
792 1395 855 1434 ille
888 1395 1010 1434 ferina
1042 1395 1169 1434 dedit.

279 1454 403 1499 Quem
435 1454 524 1504 lupa
557 1456 751 1505 servavit,
783 1466 920 1492 manus
952 1453 1057 1492 hunc
1089 1455 1296 1492 temeraria
1328 1455 1422 1492 civis

336 1512 539 1550 Perdidit.
596 1525 618 1550 o
652 1519 795 1563 quanto
830 1514 959 1550 mitior
990 1512 1054 1550 illa
1085 1511 1181 1551 fuit!

279 1570 400 1609 Saeve
432 1570 543 1609 Celer
562 1602 572 1622 ‚
605 1570 802 1609 crudelem
836 1572 1002 1609 animam
1040 1583 1110 1621 per
1142 1570 1299 1609 volnera
1330 1571 1492 1623 reddaS,

191 1638 258 1668 470
339 1629 465 1679 thue
497 1641 597 1680 ego,
631 1628 702 1667 sub
736 1635 860 1667 terras
893 1629 1218 1679 sanguinulentus
1250 1629 1337 1669 eas!

278 1687 410 1725 Noluit.
441 1687 514 1725 hoc
547 1688 667 1725 frater
686 1718 696 1738 ,
728 1689 852 1738 pietas
884 1688 1056 1738 aequalis
1087 1689 1127 1725 in
1158 1687 1223 1725 illo
1257 1693 1338 1727 est.

338 1745 449 1789 Quod
482 1747 637 1796 potuit,
668 1746 847 1784 lacrimas
879 1745 1056 1784 manibus
1087 1745 1150 1783 ille
1183 1745 1311 1785 dedit.

279 1804 391 1842 Hunc
424 1816 492 1841 vos
524 1816 593 1853 per
624 1803 829 1855 lacrimas,
868 1816 938 1854 per
970 1810 1097 1842 vestra
1128 1803 1308 1842 alimenta
1339 1810 1493 1856 rogate,

340 1861 387 1900 Ut
420 1861 614 1900 celebrem
647 1868 780 1900 nostro
814 1863 940 1911 signet
971 1861 1119 1899 honore
1152 1858 1299 1901 diem.'

192 1929 260 1960 475
281 1920 524 1958 Mandantem
558 1920 739 1970 amplecti
770 1922 933 1971 cupiunt
965 1926 1003 1958 et
1035 1919 1215 1958 bracchia
1246 1920 1435 1960 tendunt:

340 1978 505 2017 Lubrica
538 1984 768 2028 prensantes
801 1979 935 2029 effugit
965 1977 1103 2016 umbra
1135 1990 1295 2017 manus.

284 2037 332 2075 Ut
363 2049 496 2075 secum
528 2038 681 2087 fugiens
714 2049 869 2075 somnos
903 2036 1062 2075 abduxit
1092 2038 1240 2089 imago,

340 2095 395 2133 Ad
429 2107 562 2146 regem
594 2107 707 2133 voces
739 2096 870 2134 fratris
904 2101 1067 2146 uterque
1100 2095 1253 2133 ferunt.

284 2153 472 2192 Romulus
504 2153 735 2204 obsequitur
754 2185 764 2205 ,
796 2153 1001 2204 lucemque
1033 2153 1217 2191 Remuria
1249 2153 1343 2193 dicit

194 2220 262 2251 480
341 2211 446 2250 Illam
467 2244 477 2263 ‚
510 2224 583 2262 qua
616 2213 753 2263 positis
784 2214 885 2250 iusta
917 2213 1098 2250 feruntur
1129 2213 1230 2249 avis.

283 2270 428 2320 Aspera
461 2277 605 2308 mutata
638 2276 697 2308 est
727 2272 767 2308 in
798 2270 925 2309 lenem
957 2276 1131 2320 tempore
1163 2269 1278 2321 longo

344 2328 517 2380 Littera,
551 2341 648 2379 quae
680 2334 761 2367 toto
794 2331 949 2367 nomine
981 2330 1104 2379 prima
1136 2328 1231 2380 fuit3
