1570 2527
143 90 197 132 86
697 91 922 123 TRISTIUM

261 200 387 252 Vitis,
421 206 459 239 et
490 199 640 238 incluso
672 199 786 250 plena
818 200 868 238 sit
899 211 972 238 uva
1004 211 1136 252 mero3

265 259 328 297 Sic
360 258 431 297 tibi
463 270 552 296 cum
584 257 741 296 bacchis
773 263 991 309 satyrorum
1023 270 1145 309 gnava
1175 259 1357 297 iuventus

261 318 366 356 Assit
383 348 394 368 ‚
428 323 465 354 et
497 318 660 354 attonito
693 328 770 355 non
803 323 956 355 taceare
989 329 1108 369 sono;

263 376 359 414 Ossa
391 375 627 425 bipenniferi
659 376 714 413 sic
747 376 824 413 sint
855 375 954 413 male
986 387 1121 426 pressa
1152 374 1345 428 Lycurgi,

196 442 241 472 40
263 434 383 484 Impia
415 445 487 471 nec
518 445 644 484 poena
674 433 871 471 Pentheos
903 433 1042 472 umbra
1073 439 1210 484 vacet3

265 492 328 530 Sic
361 493 478 530 micet
509 497 713 530 aeternum
744 493 948 542 vicinaque
981 491 1109 530 sidera
1140 492 1270 530 vincat

265 550 448 600 Coniugis
481 551 521 588 in
554 549 659 588 caelo
693 550 795 588 clara
826 562 971 588 corona
1002 548 1114 588 tuae!

264 608 349 647 Huc
382 608 473 646 ades
506 614 545 646 et
577 620 690 647 casus
722 608 871 646 releves
890 639 900 659 ,
932 607 1227 660 pulcherrime,
1258 612 1439 661 nostros,

261 666 390 705 Unum
422 666 469 704 de
501 679 664 705 numero
697 679 759 705 me
791 678 941 705 memor
973 678 1060 705 esse
1092 665 1184 705 tuo!

198 733 242 764 45
265 725 363 764 Sunt
396 725 454 763 dis
486 726 589 763 inter
622 737 663 763 se
695 727 956 764 commercia.
1006 725 1166 763 flectere
1198 729 1346 775 tempta

263 784 496 822 Caesareum
528 795 673 822 numen
705 785 893 834 numine,
926 783 1077 821 Bacche
1096 815 1106 835 ,
1138 782 1230 822 tuo!

263 841 339 880 Vos
372 854 556 892 quoque,
591 848 794 880 consortes
827 841 975 894 studii,
1006 843 1070 892 pia
1101 841 1246 893 turba,
1277 846 1439 895 poetae,

262 900 365 938 Haec
398 900 532 938 eaden]
565 906 719 951 sumpto
754 902 919 951 quisque
953 906 1086 950 rogate
1120 898 1251 939 mero!

263 960 389 1009 Atque
422 958 561 1008 aliquis
593 964 767 996 vestrum
786 990 796 1010 ,
829 958 994 996 Nasonis
1026 959 1184 997 nomine
1216 957 1345 1010 dicto,

199 1025 243 1056 50
263 1015 292 1068 †
324 1018 501 1068 Apponat
532 1017 701 1055 lacrimis
732 1017 870 1067 pocula
903 1018 1021 1055 mixta
1053 1018 1158 1069 suis,

263 1076 573 1126 Admonitusque
605 1076 710 1126 mei,
743 1088 833 1114 cum
865 1076 1190 1126 circumspexerit
1221 1086 1381 1127 omnes,

263 1134 372 1172 Dicat
405 1131 494 1172 ‘Ubi
527 1139 586 1172 est
617 1135 742 1171 nostri
774 1146 863 1184 pars
895 1133 1009 1172 modo
1041 1133 1143 1171 Naso
1176 1133 1286 1172 chori
1300 1129 1336 1172 ?'

262 1192 384 1242 quue
416 1193 497 1244 ita,
532 1193 563 1230 si
595 1197 767 1230 vestrum
801 1193 927 1231 merui
959 1192 1127 1230 candore
1159 1192 1357 1243 favorem,

262 1250 452 1300 Nullaque
485 1250 628 1288 iudicio
661 1250 791 1289 littera
822 1250 925 1288 laesa
956 1262 1043 1288 meo
1076 1255 1158 1302 est,

199 1318 241 1347 55
264 1309 304 1347 Si
323 1341 333 1360 7
366 1315 542 1346 veterum
574 1309 688 1359 digne
722 1321 888 1347 veneror
920 1320 1009 1347 cum
1041 1309 1187 1359 scripta
1217 1309 1416 1360 virorum,

262 1367 443 1405 Proxima
475 1379 552 1405 non
584 1367 659 1405 illis
693 1379 778 1405 esse
810 1369 960 1405 minora
990 1379 1103 1404 reor.

265 1425 328 1463 Sic
361 1427 480 1475 igitur
513 1426 649 1463 dextro
682 1425 830 1464 faciatis
862 1424 1039 1475 Apolline
1071 1422 1252 1463 carmen!

263 1483 374 1529 Quod
407 1483 498 1522 licet.
515 1514 526 1535 ,
558 1486 662 1522 inter
694 1496 761 1522 vos
794 1496 936 1522 nomen
967 1482 1107 1522 habete
1139 1481 1290 1522 meum!

771 1612 849 1659 IV.

264 1716 396 1755 Litore
430 1716 476 1754 ab
508 1716 660 1754 Euxino
693 1715 858 1754 Nasonis
891 1715 1057 1766 epistula
1085 1715 1196 1767 veni,

263 1775 460 1825 Lassaque
493 1775 592 1812 facta
624 1775 723 1812 mari
752 1774 930 1824 lassaque
963 1774 1062 1811 facta
1094 1774 1178 1824 via,

267 1833 343 1878 Qui
374 1833 469 1871 mihi
501 1833 600 1870 ssens
627 1832 723 1870 dixit
755 1829 830 1870 ‘Tu
850 1864 860 1884 ,
893 1833 956 1870 cui
987 1831 1107 1883 licet,
1139 1832 1269 1882 aspice
1301 1828 1482 1869 Romam!

266 1891 353 1930 Heu
386 1897 530 1942 quanto
564 1890 700 1929 melior
733 1902 817 1928 sors
850 1897 916 1929 tua
948 1895 1053 1928 sorte
1086 1901 1170 1928 mea
1203 1885 1300 1928 estl'

225 1949 384 1989 5Flens
423 1961 579 2000 quoque
617 1961 679 1987 me
719 1950 905 2000 scripsit.
962 1960 1035 1987 nec
1079 1960 1154 1998 qua
1198 1946 1400 1999 signabar,
1437 1945 1484 1986 ad

994 2018 1037 2045 os
1070 2012 1130 2044 est

266 2067 365 2105 Ante
385 2098 395 2117 ,
429 2066 496 2104 sed
530 2066 576 2104 ad
609 2065 780 2104 madidas
813 2076 962 2116 gemma
995 2064 1114 2103 relata
1145 2076 1286 2115 genas.

267 2125 468 2163 Tristitiae
502 2136 655 2162 causam
689 2125 812 2174 siquis
845 2135 1083 2173 cognoscere
1117 2123 1292 2174 quaerit,

269 2182 433 2221 Ostendi
467 2182 588 2221 solem
619 2182 790 2234 postulat
820 2181 883 2220 ille
916 2181 1014 2232 sibi,

267 2240 347 2279 Nec
382 2241 560 2280 frondem
592 2242 632 2279 in
664 2240 770 2279 silvis
789 2272 799 2292 ‚
830 2252 902 2278 nec
934 2244 1068 2290 aperto
1101 2238 1228 2277 mollia
1260 2243 1370 2290 prato

208 2307 249 2338 10
271 2298 482 2351 Gramina,
515 2312 587 2338 nec
619 2299 733 2351 pleno
765 2299 925 2338 flumine
957 2298 1083 2336 cernit
1114 2309 1276 2348 aquam3
