1570 2527
655 83 683 115 Ι.
710 85 906 116 459—528.
1140 57 1142 59 Ι
1364 82 1447 123 227

288 190 339 229 Et
371 203 466 241 quos
498 195 702 242 praeterea
734 190 846 242 longa
881 191 1028 229 referre
1062 203 1169 230 mora
1202 197 1283 230 est.

231 248 354 288 Omne
387 249 512 287 solum
544 249 637 287 forti
667 251 792 300 patria
825 255 913 301 est,
945 255 989 288 ut
1019 249 1193 300 piscibus
1225 261 1396 302 aequor,

289 306 339 346 Ut
370 307 518 346 volucri
550 319 671 346 vacuo
705 307 891 358 quidquid
926 309 966 346 in
999 307 1092 346 orbe
1125 313 1253 359 patet.

142 373 209 404 495
229 365 310 404 Nec
342 365 423 405 sera
456 371 667 417 tempestas
700 371 782 405 toto
814 372 943 404 tamen
975 366 1110 405 horret
1142 368 1181 405 in
1213 378 1337 405 anno,

288 423 337 462 Et
368 424 439 463 tibi
466 446 508 450 —
536 424 652 463 crede
682 424 803 463 mihi!
831 446 872 450 —
901 430 1076 475 tempora
1109 426 1210 463 veris
1242 422 1402 464 erunt.'

229 481 398 521 Vocibus
430 482 610 521 Evander
640 483 791 522 firmata
823 488 953 522 mente
985 485 1159 534 parentis

289 540 392 580 Nave
427 547 532 580 secat
563 542 706 581 fluctus
726 573 736 592 ‚
768 541 1075 593 Hesperiamque
1110 547 1238 580 tenet.

228 599 388 651 Iamque
420 606 543 639 ratem
576 600 712 639 doctae
745 602 896 639 monitu
929 600 1146 639 Carmentis
1178 602 1218 639 in
1251 612 1403 639 amnem

143 666 210 697 500
289 657 431 709 Egerat
451 691 461 710 ,
494 665 532 698 et
564 658 703 698 Tuscis
735 658 872 697 obvius
904 658 984 697 ibat
1016 660 1150 710 aquis.

232 716 423 756 Fluminis
455 717 518 756 illa
550 717 679 769 latus,
711 719 775 756 cui
808 723 899 756 sunt
933 717 1024 755 vada
1056 719 1188 756 iuncta
1221 717 1404 769 Tarenti,

290 776 439 826 Aspicit
471 781 509 814 et
541 788 694 827 sparsas
728 788 797 827 per
828 775 911 814 loca
944 776 1024 814 sola
1056 787 1188 827 casas3

231 833 359 885 thue
392 839 505 885 erat,
536 835 722 873 immissis
754 846 926 885 puppem
958 836 1067 873 stetit
1099 840 1186 872 ante
1220 834 1392 885 capillis,

290 891 569 943 Continuitque
602 904 758 931 manum
791 898 901 931 torva
933 894 1104 943 regentis
1136 893 1233 931 iter.

144 958 211 989 505
233 950 282 989 Et
313 951 450 1002 proc-ul
482 952 521 989 in
554 950 730 990 dextram
763 951 928 990 tendens
959 963 1028 989 sua
1061 950 1242 989 bracchia
1275 952 1397 1002 ripam

290 1009 408 1048 Pinea
440 1022 517 1048 non
550 1022 643 1048 sano
676 1015 736 1048 ter
768 1009 866 1060 pede
900 1015 1003 1048 texta
1036 1009 1150 1061 ferit3

231 1067 335 1106 Neve
367 1068 478 1107 daret
509 1068 650 1107 saltum
682 1080 897 1119 properans
928 1069 1110 1107 insistere
1144 1073 1295 1120 terrae,

291 1125 360 1164 Vix
393 1132 453 1165 est
484 1125 653 1165 Evandri
686 1128 825 1177 vixque
858 1132 1010 1165 retenta
1041 1138 1180 1165 manu.

233 1181 401 1235 ‘Di'que
435 1182 690 1236 ‘petitorum'
723 1184 819 1223 dixit
851 1182 1014 1224 esalvete
1047 1185 1247 1235 locorum,

145 1251 212 1283 510
291 1243 429 1294 Tuque
462 1255 582 1282 novos
615 1243 720 1282 caelo
754 1248 857 1282 terra
890 1243 1027 1282 datura
1058 1243 1176 1294 deos,

230 1301 487 1352 Fluminaque
520 1308 558 1341 et
589 1302 718 1340 fontes
736 1333 747 1353 ‚
785 1302 927 1353 quibus
965 1303 1090 1340 utitur
1128 1301 1279 1352 hospita
1312 1300 1446 1352 tellus,

290 1360 340 1399 Et
371 1372 577 1399 nemorum
609 1360 800 1412 nymphae
833 1360 1094 1410 naiadumque
1128 1359 1259 1398 chori!

231 1418 324 1457 Este
356 1418 470 1457 bonis
502 1419 637 1458 avibus
670 1420 740 1458 visi
772 1424 942 1469 natoque
974 1419 1172 1471 mihique,

291 1477 468 1529 Ripaque
500 1477 604 1516 felici
637 1483 738 1516 tacta
770 1478 821 1515 sit
851 1479 925 1516 ista
956 1476 1082 1527 pede!

146 1543 212 1574 515
233 1534 360 1574 Fallor
379 1567 390 1588 ,
422 1547 470 1575 an
502 1536 542 1575 hi
573 1536 668 1574 fient
699 1537 872 1586 ingentia
902 1537 1056 1574 moenia
1088 1535 1230 1587 colles,

291 1593 458 1646 luraque
492 1594 539 1633 ah
572 1595 643 1633 1130
676 1599 780 1633 terra
813 1600 943 1633 cetera
975 1599 1080 1633 terra
1112 1591 1253 1645 petet‘?

233 1652 430 1692 Montibus
462 1653 523 1692 his
555 1653 647 1691 olim
681 1658 785 1692 totus
817 1654 1061 1704 promittitur
1094 1652 1222 1691 orbis.

293 1712 389 1758 Quis
421 1718 573 1751 tantum
605 1712 672 1750 fati
705 1711 838 1750 credat
868 1710 1013 1749 habere
1045 1708 1212 1750 locum?

233 1770 282 1809 Et
312 1772 388 1809 iam
418 1770 633 1809 Dardaniae
666 1775 825 1821 tangent
856 1770 951 1808 haec
982 1769 1095 1808 litora
1127 1771 1267 1820 pinus.

145 1837 212 1868 520
291 1828 363 1868 Hic
396 1841 551 1881 quoque
584 1841 700 1868 causa
732 1829 822 1867 novi
853 1829 996 1867 femina
1027 1830 1163 1867 martis
1196 1829 1292 1866 erit.

233 1887 329 1926 Care
362 1899 484 1939 nepos
503 1920 514 1939 ,
546 1887 678 1939 Palla,
711 1887 864 1926 funesta
897 1886 990 1938 quid
1022 1886 1153 1925 induis
1185 1884 1323 1925 arma?

291 1945 442 1985 Indue!
481 1958 559 1985 non
591 1945 729 1985 humili
761 1946 912 1984 vindice
946 1956 1084 1984 caesus
1117 1946 1217 1983 eris.

235 2003 341 2043 Victa
373 2009 502 2043 tamen
534 2006 696 2056 vinces,
729 2016 941 2055 eversaque
974 2003 1090 2041 Troia
1122 2015 1327 2053 resurges:

292 2062 434 2102 Obruit
464 2062 627 2102 hostiles
658 2064 733 2102 ista
763 2064 877 2101 ruina
909 2062 1067 2101 domos.

144 2128 211 2161 525
232 2121 340 2161 Urite
374 2122 555 2160 victrices
586 2121 781 2172 Neptunia
812 2120 999 2171 Pergama
1032 2119 1231 2158 fiammae!

292 2179 394 2219 Num
424 2182 555 2219 minus
587 2180 650 2219 hic
682 2185 763 2219 toto
798 2185 857 2218 est
888 2179 1001 2218 altior
1034 2178 1127 2217 orbe
1161 2177 1294 2218 cinis?

231 2239 311 2277 Iam
342 2240 431 2289 pius
463 2240 612 2278 Aeneas
645 2250 753 2278 sacra
786 2243 853 2290 et,
886 2249 995 2276 sacra
1027 2237 1146 2276 altera
1166 2269 1176 2289 ,
1208 2244 1357 2287 patrem

291 2297 479 2337 Adferet:
524 2298 661 2336 iliacos
695 2298 826 2347 accipe
846 2328 856 2348 ‚
889 2295 1032 2348 Vesta,
1065 2296 1180 2335 deos.

1172 2361 1241 2396 15*
