1570 2527
553 123 613 155 IV.
640 130 668 156 X
688 123 861 156 47—118.
1316 121 1370 164 79

146 230 206 269 Me
241 242 397 282 quoque
431 230 583 269 felicem
603 262 614 282 ‚
647 230 750 281 quod
783 242 862 269 non
896 230 1115 270 viventibus
1146 231 1222 270 illis

150 288 244 328 Sum
278 290 427 341 miser,
460 294 499 328 et
530 289 577 327 de
611 300 672 327 me
705 289 810 340 quod
842 288 1002 328 doluere
1035 289 1154 328 nihil!

82 355 126 388 85
149 347 190 386 Si
222 354 352 387 tamen
386 349 567 386 extinctis
600 347 744 398 aliquid
777 348 853 386 nisi
885 349 1040 387 nomina
1072 353 1246 399 restant,

147 406 197 445 Et
229 406 397 458 gracilis·
418 411 589 445 structos
623 407 759 457 effugit
791 405 930 445 umbra
962 418 1102 458 rogos:

147 465 262 503 Fama
281 496 292 518 ‚
323 465 543 517 parentales
562 495 573 517 ‚
606 466 639 504 si
670 477 738 503 vos
770 476 855 504 mea
889 467 1079 517 contigit,
1112 465 1298 518 umbrae,

147 522 197 563 Et
229 528 321 562 sunt
346 525 386 562 in
420 523 553 575 Stygio
587 524 751 562 crimina
782 529 916 562 nostra
948 524 1057 563 soro:

151 581 257 621 Scite
276 613 287 635 ‚
318 594 461 634 precor
480 613 491 635 ,
524 594 681 621 causam
713 605 760 610 -
797 594 871 622 nec
903 594 970 621 vos
1004 582 1098 621 mihi
1130 582 1264 621 fallere

714 642 770 680 sas
803 647 863 680 est
887 663 934 667 —

84 707 129 739 90
150 698 338 738 Errorem
372 700 531 751 iussae,
564 711 641 738 non
675 699 833 751 scelus,
867 711 952 739 esse
985 700 1120 750 fugae.

146 757 324 797 Manibus
355 756 430 796 hoc
463 759 555 796 satis
589 763 676 797 est.
721 757 767 796 ad
800 770 898 809 vos,
932 758 1134 810 studiosa,
1166 764 1372 811 revertor,

145 816 340 869 Pectora,
372 828 471 867 quae
505 817 603 855 vitae
637 817 825 867 quaeritis
859 821 943 854 acta
976 828 1106 855 meae.

146 875 226 915 lam
258 875 353 913 mihi
386 875 548 914 canities
580 874 704 926 pulsis
736 873 966 913 melioribus
999 876 1109 914 annis

146 934 342 987 Venerat,
375 935 554 984 antiquas
586 935 877 985 miscueratque
911 944 1064 985 comas,

80 1000 125 1032 95
145 993 318 1044 Postque
351 1004 459 1031 meos
493 997 603 1031 ortus
636 991 770 1031 Pisaea
802 994 956 1031 vinctus
989 991 1087 1031 oliva

146 1051 371 1091 Abstulerat
402 1051 533 1090 decies
565 1053 736 1102 praemia
767 1052 892 1090 victor
924 1062 1068 1102 eques,

147 1110 244 1150 Cum
276 1111 395 1149 maris
427 1109 570 1148 Euxini
602 1111 750 1161 positos
783 1109 829 1148 ad
862 1109 967 1148 laeva
1000 1108 1173 1148 Tomitas

147 1169 346 1215 Quaerere
378 1180 440 1207 me
472 1168 567 1207 laesi
598 1169 788 1220 principis
820 1170 877 1207 ira
909 1167 1040 1206 iubet.

147 1227 271 1267 Causa
303 1239 411 1266 meae
445 1229 596 1266 cunctis
629 1229 794 1266 nimium
827 1238 983 1279 quoque
1016 1231 1109 1265 nota
1140 1227 1276 1265 ruinae

60 1294 125 1326 100
147 1286 294 1325 Indicio
327 1297 404 1324 non
438 1291 498 1325 est
529 1286 773 1325 testificanda
806 1298 915 1325 meo.

146 1345 248 1391 Quid
269 1345 437 1384 reseram
458 1345 725 1396 comitumque
752 1345 861 1384 nefas
882 1342 1125 1395 famulosque
1146 1348 1335 1383 nocentes
1350 1339 1372 1382 ἶ)

146 1403 234 1455 Ipsa
264 1403 385 1443 multa
418 1402 488 1442 tuli
520 1415 598 1442 non
631 1403 776 1442 leviora
808 1404 921 1454 fuga.

145 1461 346 1513 Indignata
378 1461 488 1500 malis
522 1473 632 1500 mens
665 1467 725 1500 est
757 1460 1014 1501 succumbere
1035 1492 1045 1512 ,
1078 1472 1199 1512 seque

147 1520 346 1560 Praestitit
376 1521 588 1572 invictam,
621 1519 770 1559 viribus
802 1532 872 1559 usa
905 1520 1009 1571 suis3

60 1587 125 1619 105
147 1579 380 1631 Oblitusque
413 1580 489 1618 mei
521 1578 740 1630 ductaeque
771 1591 843 1630 per
876 1580 953 1618 otia
986 1579 1084 1617 vitae

146 1637 306 1678 Insolita
338 1640 423 1690 cepi
456 1639 645 1689 temporis
677 1649 784 1676 arma
815 1649 954 1676 manu.

147 1697 299 1748 Totque
334 1696 404 1736 tuli
437 1707 550 1735 casus
582 1695 718 1747 pelago
751 1701 965 1748 terraque,
999 1701 1095 1746 quot
1125 1697 1229 1735 inter

146 1755 354 1795 Occultum
387 1754 519 1794 stellae
553 1756 890 1806 conspicuumque
923 1753 1079 1806 polum.

145 1814 264 1854 Tacta
296 1814 391 1854 mihi
424 1813 579 1854 tandem
611 1813 736 1864 longis
769 1812 972 1852 erroribus
1005 1818 1090 1852 acto

60 1880 125 1913 110
146 1873 282 1912 Iuncta
313 1873 549 1925 pharetratis
584 1871 771 1911 Sarmatis
805 1884 872 1911 ora
905 1872 1036 1911 Getis:

145 1931 217 1971 Hic
251 1944 321 1984 ego
353 1932 529 1971 finitimis
563 1932 737 1982 quamvis
771 1933 1040 1970 circumsoner
1073 1930 1214 1982 armis,

145 1990 288 2029 Tristia
307 2022 318 2043 ‚
351 2001 427 2042 quo
460 2002 650 2042 possum,
683 1991 856 2029 carmine
889 1990 964 2028 sata
996 1988 1107 2028 levo.

145 2048 257 2095 Quod
290 2050 465 2100 quamvis
498 2060 611 2088 nemo
645 2054 734 2100 est,
772 2050 884 2088 cuius
924 2048 1118 2087 referatur
1151 2047 1197 2086 ad
1230 2058 1368 2101 aures,

146 2108 210 2147 Sic
244 2113 372 2147 tamen
406 2107 568 2147 absumo
602 2108 833 2159 decipioque
867 2107 995 2146 diem.

59 2175 122 2206 115
144 2166 246 2219 Ergo
281 2167 383 2219 quod
416 2168 530 2219 vivo,
564 2166 752 2217 durisque
785 2165 984 2204 laboribus
1017 2164 1152 2218 obsto,

144 2225 224 2264 Nec
257 2238 319 2266 me
353 2225 540 2266 sollicitae
573 2225 699 2265 taedia
732 2224 830 2263 lucis
864 2223 1031 2276 habent,

145 2283 275 2323 Gratia
295 2315 306 2337 ,
337 2284 475 2338 Musa,
508 2283 608 2324 tibi!
664 2295 753 2322 nam
786 2288 828 2322 tu
862 2282 1003 2322 solacia
1034 2281 1223 2335 praebes,

144 2342 203 2382 Tu
236 2355 353 2383 curae
384 2345 572 2396 requies,
605 2348 647 2382 tu
680 2342 872 2381 medicina
904 2343 1036 2381 venis.
