1570 2527
130 121 215 162 252
668 120 922 153 PASTORUM

162 239 228 271 635
249 230 407 280 Iamque
439 229 505 268 ubi
539 228 716 267 suadebit
747 227 919 279 placidos
956 240 1032 266 nox
1065 227 1193 266 umida
1225 238 1404 279 somnos,

309 288 430 338 Larga
463 288 663 338 precaturi
696 288 836 325 sumite
869 288 954 325 vina
986 298 1125 337 manu,

250 347 298 385 Et
331 344 452 384 ‘bene
486 358 582 398 vos,
614 345 713 384 bene
746 350 784 383 te
804 376 814 396 ,
846 346 992 396 patriae
1024 350 1164 395 pater,
1196 344 1340 394 optime

976 399 1161 441 Caesar!'

309 463 432 502 Dicite
466 463 613 501 suffuso
646 474 717 512 per
749 461 848 500 bona
882 461 997 499 verba
1030 472 1160 499 mero.

602 554 669 595 23.
702 552 734 594 F
766 551 989 594 TER-N2

252 637 335 676 Nox
369 637 435 676 ubi
468 638 695 689 transierit,
729 632 842 676 solito
875 636 1097 675 celebretur
1129 635 1276 674 honore

165 705 231 735 640
313 696 475 746 Separat
506 696 649 734 indicio
683 697 749 746 qui
781 695 878 734 deus
910 707 997 733 arva
1031 706 1126 733 suo.

252 755 434 793 Termine
456 786 466 806 ,
499 757 578 793 sive
610 754 736 806 lapis,
769 756 847 792 sive
881 766 922 792 es
955 753 1133 791 defossus
1163 754 1202 791 in
1235 763 1327 803 agro

316 813 474 865 Stipes,
507 813 552 851 ab
586 814 755 863 antiquis
789 818 829 851 tu
862 824 1017 863 quoque
1050 823 1194 850 numen
1225 809 1366 849 habes.

252 871 306 910 Te
340 872 415 910 duo
449 872 601 909 diversa
633 871 778 909 domini
810 883 881 921 pro
913 877 1022 921 parte
1056 874 1266 921 coronant,

314 930 486 980 Binaque
520 935 622 968 serta
656 929 725 967 tibi
757 929 924 979 binaque
957 928 1032 966 liba
1065 928 1218 966 ferunt.

168 997 233 1029 645
255 990 329 1027 Ara
362 990 426 1027 fit:
459 988 535 1026 huc
568 990 696 1038 ignem
729 993 841 1026 curto
874 988 949 1025 fert
981 989 1127 1025 rustica
1158 991 1263 1025 testu
1413 994 1468 1025 (63)

316 1047 521 1097 Sumptum
554 1046 600 1084 de
634 1046 775 1096 tepidis
806 1047 889 1096 ipsa
921 1045 1056 1084 colona
1088 1045 1207 1083 focis.

257 1105 376 1156 Ligna
409 1118 527 1143 senex
560 1106 727 1155 minuit,
761 1106 994 1154 concisaque
1027 1104 1221 1141 construit
1253 1107 1358 1155 arte,

315 1164 364 1202 Et
397 1163 516 1201 solida
550 1175 678 1201 ramos
710 1164 828 1212 figere
861 1167 1007 1212 pugnat
1038 1161 1180 1200 humo:

256 1223 354 1260 Tum
389 1224 492 1260 sicco
525 1223 669 1272 primas
701 1223 835 1258 inritat
867 1222 1013 1259 cortice
1046 1220 1241 1271 flammas;

169 1290 235 1321 650
317 1281 400 1318 Stat
432 1292 530 1330 puer
563 1285 601 1318 et
634 1279 811 1317 manibus
843 1279 917 1317 lata
950 1279 1117 1316 canistra
1149 1283 1279 1316 tenet.

256 1339 349 1378 Inde
383 1339 449 1377 ubi
482 1345 541 1376 ter
574 1338 706 1388 fruges
740 1338 886 1375 medios
918 1339 1078 1375 immisit
1108 1338 1148 1374 in
1181 1338 1305 1388 ignis,

315 1398 484 1447 Porrigit
516 1398 658 1435 incisos
691 1396 779 1434 filia‹
798 1408 913 1446 parva
946 1396 1073 1434 favos.

257 1456 351 1494 Vina
384 1461 519 1494 tenent
551 1455 643 1493 alii:
688 1454 858 1493 libantur
891 1454 1039 1504 singula
1072 1454 1260 1504 ssammis3

319 1515 533 1565 Spectant,
566 1519 603 1552 et
636 1513 778 1563 linguis
811 1513 971 1551 candida
1004 1512 1117 1551 turba
1150 1512 1272 1550 favet.

171 1582 236 1614 655
260 1574 464 1623 Spargitur
498 1578 536 1610 et
568 1584 679 1610 caeso
713 1573 929 1610 communis
962 1570 1169 1608 Terminus
1202 1581 1326 1621 agno,

318 1632 396 1669 Nec
430 1633 637 1681 queritur,
671 1630 816 1668 lactans
849 1642 936 1668 cum
970 1629 1043 1667 sibi
1074 1641 1192 1680 porca
1224 1628 1360 1666 datur.

259 1690 530 1740 Conveniunt,
564 1689 840 1739 celebrantque
873 1689 990 1738 dapes
1021 1689 1161 1726 vicinia
1193 1686 1379 1737 simplex,

317 1748 365 1786 Et
398 1753 555 1785 cantant
585 1747 747 1796 laudes,
780 1747 962 1784 Termine
995 1752 1155 1796 sancte,
1188 1751 1297 1783 tuas:

259 1803 341 1845 ‘Tu
375 1805 538 1856 populos
570 1805 766 1855 urbesque
801 1811 839 1842 et
870 1816 986 1854 regna
1019 1805 1190 1853 ingentia
1222 1803 1332 1841 finis:

173 1874 239 1905 660
320 1864 454 1903 Omnis
487 1864 562 1901 erit
593 1865 675 1901 sine
711 1870 746 1901 te
778 1862 969 1912 litigiosus
1002 1874 1113 1912 ager.

261 1923 371 1961 Nulla
405 1922 476 1960 tibi
508 1921 665 1960 ambitio
699 1927 784 1971 est,
818 1920 922 1959 nullo
955 1921 1220 1971 corrumperis
1252 1930 1370 1970 aur0,

321 1981 506 2031 Legitima
540 1992 670 2018 servas
703 1980 848 2018 credita
881 1991 972 2017 rura
1005 1979 1105 2017 fide.

265 2040 306 2078 Si
339 2046 378 2078 tu
413 2042 607 2090 signasses
640 2038 730 2076 olim
763 2037 994 2088 Thyreatida
1027 2043 1194 2088 terram,

321 2098 492 2148 Corpora
527 2110 602 2135 non
635 2097 712 2135 leto
743 2098 858 2134 missa
892 2101 1066 2134 trecenta
1098 2096 1248 2145 forent,

176 2166 242 2197 665
264 2157 342 2195 Nec
378 2159 476 2195 i'oret
509 2155 726 2206 Othryades
758 2156 952 2205 congestis
985 2153 1108 2191 lectus
1140 2155 1178 2190 in
1211 2153 1352 2190 armis.

322 2215 353 2253 O
387 2223 573 2266 quantum
606 2215 752 2264 patriae
786 2214 984 2263 sanguinis
1016 2212 1078 2249 ille
1111 2209 1238 2249 dedit!

265 2273 395 2322 Quid,
429 2286 523 2311 nova
556 2284 643 2310 cum
678 2272 816 2310 tierent
848 2267 1072 2322 Capitolia?
1117 2281 1254 2319 nempe
1291 2267 1452 2307 deorum

323 2331 470 2369 Cuncta
503 2330 581 2369 lovi
614 2333 728 2369 cessit
764 2329 876 2368 turba
897 2361 907 2380 ,
940 2329 1146 2378 locumque
1179 2327 1305 2366 dedit.
