1570 2527
497 126 526 158 Ι.
552 133 630 159 vm
650 127 838 158 36—V1111
859 127 912 159 13.
1331 123 1384 164 17

94 242 139 273 30
159 233 365 284 Temporis
398 238 437 271 et
467 232 573 283 longi
603 233 762 270 iunctus
795 245 926 271 amore
958 230 1064 271 tibi‘?

158 291 259 337 Quid
279 323 290 344 ,
322 292 399 329 nisi
430 296 488 329 tot
519 291 629 329 lusus
662 296 701 329 et
732 295 790 328 tot
821 303 905 329 mea
939 292 1040 329 seria
1073 302 1238 342 nosses,

158 349 233 388 Tot
264 361 421 388 nossem
454 348 565 387 lusus
597 350 777 398 seriaque
810 350 893 399 ipse
927 346 1027 387 tua?

158 407 290 459 Quid,
323 409 357 446 si
388 407 589 446 dumtaxat
621 407 766 445 Romae
799 406 870 444 tibi
904 409 1082 457 cognitus
1116 419 1268 458 essem,

157 466 313 504 Ascitus
343 467 490 504 totiens
522 467 561 504 in
595 477 720 515 genus
753 476 867 503 omne
900 463 1014 503 loci‘?

92 532 137 564 35
158 524 358 563 Cunctane
391 525 430 562 in
464 535 682 574 aequoreos
714 523 895 562 abierunt
928 525 1037 561 irrita
1071 520 1244 562 ventos?

160 582 359 621 Cunctane
391 581 572 620 Lethaeis
604 593 731 619 mersa
765 581 947 620 feruntur
980 580 1124 632 aquis?

157 640 244 679 Non
278 653 348 691 ego
381 646 419 678 te
448 640 622 690 genitum
654 639 804 690 placida
842 652 933 678 reor
964 639 1062 678 urbe
1097 639 1275 692 Quirini,

158 698 264 737 Urbe
296 710 381 736 mea
402 729 412 749 ,
445 710 543 748 quae
576 702 651 736 iam
685 709 763 735 non
795 697 972 736 adeunda
1005 698 1123 750 mihi,

160 756 236 795 Sed
270 756 441 807 scopulis
461 787 471 807 ‚
503 757 613 806 ponti
647 767 745 805 quos
774 755 870 793 haec
902 755 1020 794 habet
1052 768 1118 794 ora
1151 757 1326 809 sinistri,

91 823 138 855 40
158 815 280 866 Inque
315 815 408 853 feris
442 813 624 865 Scythiae
658 813 961 864 Sarmaticisque
994 815 1119 865 iugis,

158 873 209 912 Et
240 879 306 912 tua
338 878 430 911 sunt
463 873 583 911 silicis
616 873 765 910 circum
798 871 1027 922 praecordia
1060 883 1207 924 venae,

157 931 207 971 Et
238 931 408 982 rigidum
441 931 536 969 ferri
569 931 716 968 semina
748 935 887 980 pectus
919 929 1058 981 habet,

159 991 346 1041 Quaeque
379 989 451 1028 tibi
482 995 619 1027 tenero
653 988 848 1039 quondam
882 988 1059 1027 ducenda
1091 988 1218 1039 palato

158 1049 279 1088 Plena
311 1047 419 1087 dedit
450 1049 581 1086 nutrix
615 1046 737 1085 ubera
756 1078 767 1099 ,
799 1048 911 1097 tigris
944 1052 1052 1086 erat:

91 1115 136 1146 45
157 1108 234 1146 Aut
258 1106 356 1145 mala
388 1112 522 1145 nostra
549 1107 700 1157 minus,
733 1117 849 1156 quam
882 1117 1011 1158 nunc,
1044 1105 1167 1144 aliena
1199 1110 1385 1158 putares,

158 1165 411 1216 Duritiaeque
443 1164 538 1203 mibi
570 1176 648 1202 non
681 1175 840 1214 agerere
874 1175 992 1202 reus.

159 1224 236 1262 Sed
269 1225 451 1274 quoniam
485 1222 636 1261 accedit
668 1222 849 1260 fatalibus
882 1222 956 1260 hoc
989 1233 1145 1273 quoque
1179 1220 1354 1274 damnis,

160 1282 211 1320 Ut
243 1287 400 1320 careant
432 1282 607 1320 numeris
640 1286 817 1332 tempora
849 1282 974 1331 prima
1007 1282 1112 1332 suis,

158 1341 304 1393 Effice,
336 1341 487 1392 peccati
520 1351 568 1378 ne
602 1340 675 1377 sim
708 1351 858 1377 memor
889 1339 1037 1390 huius,
1070 1344 1108 1377 et
1140 1338 1204 1377 illo

95 1407 139 1438 50
162 1399 344 1438 Officium
376 1398 561 1450 laudem,
596 1409 672 1448 quo
705 1410 851 1449 queror
870 1428 882 1450 ‚
913 1409 980 1435 ore
1013 1404 1136 1436 tuum.

629 1524 779 1571 VIIII.

158 1633 287 1671 Detur
317 1631 509 1670 inoffenso
541 1631 641 1669 vitae
674 1629 746 1668 tibi
777 1636 936 1680 tangere
969 1634 1141 1682 metam,

160 1691 236 1736 Qui
268 1689 365 1740 legis
397 1689 470 1727 hoc
503 1688 616 1727 nobis
647 1700 725 1727 non
757 1689 940 1727 inimicus
974 1700 1097 1739 opus.

158 1750 284 1799 Atque
317 1749 466 1787 utinam
497 1759 569 1798 pro
602 1752 640 1785 te
672 1752 834 1798 possent
865 1759 949 1785 mea
982 1751 1069 1785 vota
1101 1746 1254 1799 valere,

160 1807 267 1853 Quae
298 1818 370 1858 pro
402 1818 464 1845 me
497 1806 616 1845 duros
649 1817 726 1844 non
760 1807 924 1856 tetigere
958 1804 1075 1843 deos!

118 1874 139 1905 5
159 1865 291 1904 Donec
323 1866 402 1903 eris
434 1876 570 1916 sospes
589 1895 600 1913 ,
633 1864 775 1903 multos
807 1863 1033 1903 numerabis
1066 1864 1235 1903 amicos:

159 1924 353 1975 Tempora
387 1925 420 1962 si
451 1923 599 1962 fuerint
630 1922 761 1961 nubila
781 1954 792 1974 ‚
825 1922 931 1961 solus
965 1923 1066 1960 eris.

158 1983 310 2034 Aspicis
329 2013 340 2034 ‚
371 1986 416 2020 ut
447 1983 604 2020 veniant
635 1981 681 2020 ad
715 1981 876 2020 candida
908 1986 1009 2019 tecta
1043 1978 1269 2032 columbae,

158 2042 332 2092 Accipiat
364 2039 489 2078 nullas
522 2039 678 2079 sordida
709 2041 831 2079 turris
864 2036 987 2078 aves?

157 2100 308 2138 Horrea
340 2099 525 2137 formicae
557 2098 725 2137 tendunt
757 2098 802 2136 ad
835 2099 963 2136 inania
996 2108 1233 2147 numquam:

96 2166 140 2197 10
160 2157 298 2197 Nullus
330 2158 376 2196 ad
409 2158 571 2196 amissas
603 2157 677 2195 ibit
708 2158 854 2195 amicus
888 2167 1004 2206 opes.

158 2217 286 2267 thue
319 2228 450 2255 comes
482 2216 611 2254 radios
643 2227 714 2267 per
747 2215 838 2253 solis
871 2213 1055 2252 euntibus
1087 2213 1226 2252 umbra
1259 2219 1343 2266 est,

160 2275 255 2313 Cum
288 2275 381 2313 latet
412 2275 475 2313 hic
507 2286 669 2326 pressus
701 2273 903 2325 nubibus,
934 2272 998 2310 illa
1030 2273 1153 2325 fugit,

158 2332 299 2372 Mobile
332 2334 388 2372 sic
421 2334 600 2384 sequitur
632 2332 827 2371 Fortunae
860 2331 1006 2370 lumina
1037 2330 1200 2382 vulgus:

112 2405 220 2432 ovn).
256 2406 315 2431 ΠΙ.
1146 2401 1165 2431 2
