1570 2527
1303 109 1442 145 XXVII

105 232 237 268 aquas.
310 219 460 257 correxi
491 218 705 257 secundum
741 218 849 257 Fast.
881 219 900 256 I
934 221 1029 257 286.
1179 228 1209 258 V
1246 217 1299 258 41
1341 220 1441 258 liber

103 280 249 328 Queror
291 281 334 316 ut
371 278 562 316 interdum
604 280 672 315 tua
713 289 828 315 mens.
902 277 1006 327 quod
1043 277 1220 327 sequitur
1256 280 1337 321 sui,
1382 280 1442 316 est

99 337 379 386 possessivum,
404 338 450 374 ut
475 336 567 374 Met.
593 335 655 373 III
681 337 778 384 435,
804 348 882 373 non
906 338 952 373 ut
976 336 1089 374 Pont.
1115 336 1197 373 IIII
1222 344 1323 374 V1111
1348 338 1441 375 100.

102 395 279 444 proximo
310 406 429 433 versu
461 394 582 441 thue
606 394 798 431 librorum
823 394 888 432 vix
914 396 984 442 est,
1010 407 1080 432 cur
1104 396 1293 432 mutetur.

100 462 204 492 VIIII
230 451 284 492 21
312 453 503 491 librorum
529 453 637 491 labor
661 454 871 499 minuitque
896 454 1063 491 laborem
1087 465 1165 490 non
1189 454 1319 490 visum
1344 453 1441 491 ferri

98 524 234 561 posse3
267 511 370 560 quod
402 511 551 560 scripsi,
583 510 863 560 suppeditabat
893 524 1030 549 versus
1055 511 1268 560 proximus,
1299 511 1340 548 in
1365 523 1440 560 quo

97 572 235 609 *tamen
287 569 454 617 Cumque
502 581 571 608 suo
620 581 787 607 crescens
827 573 978 617 pectore
1031 582 1110 608 non
1158 569 1440 619 intelligebam.

101 628 193 666 dedi
223 640 405 676 quassum
427 631 578 675 pectus,
616 629 662 665 ut
699 629 792 665 sunt
828 631 997 676 tempora
1027 641 1170 676 quassa
1201 628 1311 666 Rem.
1347 629 1440 676 146,

101 690 261 725 mentem
291 688 413 733 quatit
441 686 567 724 incola
590 686 752 733 Pythius
782 686 886 734 apud
917 686 1140 724 Horatium.
1291 684 1346 725 26
1381 698 1442 724 cu-

94 746 183 794 pidz·
213 757 349 783 cursus
379 744 571 781 librorum
601 744 753 781 mutavi
783 744 890 781 facili
921 745 1177 782 correctione:
1215 745 1442 783 litterarum

101 815 147 842 en
183 803 329 841 lineola
361 802 526 851 directa,
564 815 614 840 ur
650 802 823 850 crispata
856 805 914 840 est
946 803 1228 851 compendium.
1303 816 1441 841 censor

101 861 355 900 Aristarchus
379 861 511 910 potuit
530 860 740 898 admonere
761 873 899 898 census
920 861 1067 898 ordinis
1088 861 1292 910 equestris,
1325 874 1441 910 quem

100 923 218 969 poeta
244 920 395 958 subisse
422 931 463 957 se
489 921 770 958 commemorat
797 919 915 957 Trist.
941 919 981 956 II
1010 920 1106 957 542.
1139 921 1300 967 cupidus
1325 932 1442 967 equus

100 979 263 1028 paulum
293 978 483 1026 insolens3
517 980 577 1016 est
607 978 736 1015 minus
769 978 873 1026 apud
903 978 1132 1016 Lucretium
1164 978 1203 1015 II
1237 980 1319 1017 ‘265
1345 991 1439 1026 pro-

98 1049 277 1085 rumpere
308 1049 487 1084 equorum
526 1036 613 1075 Vim
644 1038 832 1084 eupidam.

218 1095 303 1133 Lib.
325 1095 408 1133 IIII
428 1103 462 1133 11
492 1092 542 1133 17
570 1097 611 1133 in
636 1096 751 1133 undis
781 1089 910 1133 minus
939 1095 1038 1133 bene
1064 1095 1238 1144 positum
1262 1095 1436 1144 videtur3

101 1155 350 1203 temptabam
379 1155 538 1201 hiulcas,
571 1153 675 1204 quod
707 1154 966 1202 expressisset
998 1153 1148 1191 Statius
1182 1154 1303 1191 Theb.
1337 1162 1440 1191 VIIII

100 1214 187 1251 450
218 1213 354 1251 hiulcis
383 1214 547 1259 flumina
577 1214 683 1250 venis
719 1212 904 1260 Suyyerit.
977 1212 1156 1261 proximo
1188 1224 1305 1250 versu
1337 1212 1438 1250 Lae-

100 1283 218 1318 saque
236 1271 428 1309 librorum
447 1270 609 1309 mutavi.
731 1279 780 1309 VI
800 1268 857 1308 34
882 1271 1074 1308 librorum
1098 1273 1255 1309 tinctum
1273 1283 1351 1308 non
1370 1271 1439 1308 ha-

103 1330 260 1379 bebam,
292 1342 367 1378 quo
399 1331 544 1367 tuerer.
695 1338 799 1367 VIIII
827 1326 880 1367 79
911 1331 1107 1367 Troesmin
1137 1329 1340 1378 inscriptio
1371 1329 1439 1366 ha-

99 1388 185 1436 bet,
229 1388 430 1436 publicata
473 1388 515 1425 in
556 1387 698 1426 Bullet.
741 1389 781 1426 cli
824 1390 982 1435 corrisp.
1026 1388 1127 1425 arch.
1169 1389 1291 1425 1864.

102 1455 133 1484 X
164 1443 220 1483 42
250 1446 343 1484 libri
374 1447 428 1483 Et
457 1447 574 1483 sumit
603 1448 704 1484 vires
734 1458 759 1483 a
783 1448 964 1493 propiore
995 1446 1083 1483 loco.
1156 1447 1251 1484 caeli
1287 1457 1439 1488 morem,

101 1504 280 1542 Hadriae
309 1516 432 1542 mores
461 1504 610 1541 habent
636 1504 755 1553 Verg.
775 1503 844 1542 Ge.
864 1504 883 1541 Ι
904 1505 971 1553 51,
1003 1503 1102 1543 Stat.
1123 1503 1216 1542 Silv.
1237 1503 1299 1541 ΙΠ
1319 1513 1352 1542 11
1374 1505 1439 1543 87.

201 1571 282 1600 .XV
314 1559 370 1600 25
407 1562 499 1600 libri
530 1563 692 1600 Erroris
727 1575 834 1609 nam,
874 1562 977 1611 quod
1014 1562 1090 1600 nisi
1122 1575 1238 1611 aegre
1270 1563 1441 1612 intelligi

98 1619 254 1669 nequit,
299 1633 537 1669 quamquam
579 1632 650 1658 nec
693 1621 882 1658 correctio
920 1620 1124 1659 satisfacit.
1264 1630 1345 1659 XVI
1387 1619 1439 1659 15

101 1679 245 1727 Quique
275 1678 538 1717 Sinatroneem
569 1678 764 1728 Bergkius
797 1678 936 1728 Opusc.
968 1679 988 1717 Ι
1018 1692 1053 1728 p.
1089 1680 1184 1717 664.

217 1736 424 1776 Postremo
459 1750 530 1776 nec
567 1737 778 1776 Fastorum
822 1737 980 1787 quidem
1023 1737 1245 1776 emendatio
1285 1738 1355 1776 illa
1394 1738 1440 1775 de

101 1795 306 1845 archetypi
335 1796 491 1846 paginis
525 1796 752 1846 quaestione
786 1796 1041 1845 supersedere
1072 1798 1220 1845 potest,
1260 1797 1292 1834 si
1322 1797 1440 1835 inter-

98 1854 310 1903 polationis
355 1855 563 1893 diversitas
601 1855 952 1892 animadvertenda
989 1856 1061 1893 est.
1134 1855 1315 1893 cancellis
1350 1868 1439 1904 pro-

99 1913 245 1951 miscue
276 1913 324 1951 de
356 1914 540 1952 universa
572 1913 898 1964 significationem
927 1914 1014 1952 feci.

216 1972 399 2010 Lacunae
435 1972 476 2010 in
513 1972 625 2010 libris
657 1974 793 2021 aperte
824 1973 957 2010 nullae
987 1972 1159 2010 traditae
1192 1974 1298 2019 sunt,
1340 1971 1439 2009 indi-

99 2029 222 2078 cium,
260 2031 375 2079 quale
406 2030 448 2068 in
477 2030 604 2080 Ibide,
636 2044 758 2068 unum
789 2031 830 2068 in
861 2031 1114 2081 quibusdam3
1154 2031 1439 2079 supplementa,

99 2101 199 2137 quae
231 2089 327 2126 mihi
358 2089 577 2138 videantur,
611 2089 756 2127 similia
786 2090 984 2139 plerisque
1010 2089 1276 2138 Ponticorum,
1308 2090 1439 2127 minus

99 2147 269 2185 barbara
301 2160 419 2197 quam
450 2148 584 2186 Ibidis.

217 2206 409 2255 Paginam
441 2206 647 2256 archetypi
673 2215 837 2244 XXXXII
872 2205 1036 2244 desiisse
1068 2206 1248 2244 existimo
1281 2206 1322 2243 in
1352 2219 1439 2243 ver-

101 2275 188 2306 sum
219 2263 260 2301 11
293 2266 375 2303 201
408 2265 481 2314 ita,
519 2267 564 2303 ut
595 2277 696 2302 unus
728 2267 820 2313 post
851 2277 941 2301 eum
971 2266 1220 2313 pentameter
1251 2264 1439 2303 evanidus

97 2321 231 2361 fuerit.
305 2323 389 2362 eius
431 2336 570 2362 versus
616 2325 696 2361 201
742 2323 887 2372 duplex
929 2323 1007 2361 fuit
1056 2324 1268 2372 scriptura,
1313 2323 1441 2360 altera
