<?xml version="1.0" encoding="UTF-8"?>
<!DOCTYPE html PUBLIC "-//W3C//DTD XHTML 1.0 Transitional//EN"
    "http://www.w3.org/TR/xhtml1/DTD/xhtml1-transitional.dtd">
<html xmlns="http://www.w3.org/1999/xhtml" xml:lang="en" lang="en">
 <head>
  <title>
</title>
<meta http-equiv="Content-Type" content="text/html;charset=utf-8" />
  <meta name='ocr-system' content='tesseract 3.04.00' />
  <meta name='ocr-capabilities' content='ocr_page ocr_carea ocr_par ocr_line ocrx_word'/>
</head>
<body>
  <div class='ocr_page' id='page_1' title='image "./ovidopera03oviduoft_0308.png"; bbox 0 0 1570 2527; ppageno 0'>
   <div class='ocr_carea' id='block_1_1' title="bbox 132 113 928 156">
    <p class='ocr_par' dir='ltr' id='par_1_1' title="bbox 132 113 928 156">
     <span class='ocr_line' id='line_1_1' title="bbox 132 113 928 156; baseline -0.011 -2"><span class='ocrx_word' id='word_1_1' title='bbox 132 114 217 156; x_wconf 81' lang='lat'>250</span> <span class='ocrx_word' id='word_1_2' title='bbox 674 113 928 146; x_wconf 76' lang='lat' dir='ltr'><strong>PASTORUM</strong></span> 
     </span>
    </p>
   </div>
   <div class='ocr_carea' id='block_1_2' title="bbox 162 221 1470 2380">
    <p class='ocr_par' dir='ltr' id='par_1_2' title="bbox 162 221 1470 2145">
     <span class='ocr_line' id='line_1_2' title="bbox 308 221 1296 275; baseline -0.001 -13"><span class='ocrx_word' id='word_1_3' title='bbox 308 223 480 275; x_wconf 82' lang='lat' dir='ltr'>Errant,</span> <span class='ocrx_word' id='word_1_4' title='bbox 513 234 617 261; x_wconf 86' lang='lat' dir='ltr'>nunc</span> <span class='ocrx_word' id='word_1_5' title='bbox 649 223 777 273; x_wconf 89' lang='lat' dir='ltr'>posito</span> <span class='ocrx_word' id='word_1_6' title='bbox 809 224 983 273; x_wconf 84' lang='lat' dir='ltr'>pascitur</span> <span class='ocrx_word' id='word_1_7' title='bbox 1016 221 1153 261; x_wconf 88' lang='lat' dir='ltr'>umbra</span> <span class='ocrx_word' id='word_1_8' title='bbox 1186 222 1296 261; x_wconf 88' lang='lat' dir='ltr'>cibo.</span> 
     </span>
     <span class='ocr_line' id='line_1_3' title="bbox 248 280 1466 332; baseline -0.001 -12"><span class='ocrx_word' id='word_1_9' title='bbox 248 281 327 320; x_wconf 91' lang='lat' dir='ltr'>Nec</span> <span class='ocrx_word' id='word_1_10' title='bbox 354 288 482 320; x_wconf 83' lang='lat' dir='ltr'>tamen</span> <span class='ocrx_word' id='word_1_11' title='bbox 508 280 602 319; x_wconf 91' lang='lat' dir='ltr'>haec</span> <span class='ocrx_word' id='word_1_12' title='bbox 629 280 731 319; x_wconf 89' lang='lat' dir='ltr'>ultra</span> <span class='ocrx_word' id='word_1_13' title='bbox 749 312 759 332; x_wconf 87' lang='lat'><em>,</em></span> <span class='ocrx_word' id='word_1_14' title='bbox 793 293 908 332; x_wconf 91' lang='lat' dir='ltr'>quam</span> <span class='ocrx_word' id='word_1_15' title='bbox 940 287 997 320; x_wconf 89' lang='lat' dir='ltr'>tot</span> <span class='ocrx_word' id='word_1_16' title='bbox 1026 281 1072 319; x_wconf 89' lang='lat' dir='ltr'>de</span> <span class='ocrx_word' id='word_1_17' title='bbox 1100 293 1233 320; x_wconf 91' lang='lat' dir='ltr'>mense</span> <span class='ocrx_word' id='word_1_18' title='bbox 1267 282 1466 332; x_wconf 85' lang='lat' dir='ltr'>supersint</span> 
     </span>
     <span class='ocr_line' id='line_1_4' title="bbox 307 339 1353 391; baseline 0.001 -14"><span class='ocrx_word' id='word_1_19' title='bbox 307 340 507 391; x_wconf 83' lang='lat' dir='ltr'><strong>Luciferi,</strong></span> <span class='ocrx_word' id='word_1_20' title='bbox 541 345 636 390; x_wconf 90' lang='lat' dir='ltr'>quot</span> <span class='ocrx_word' id='word_1_21' title='bbox 666 339 811 377; x_wconf 90' lang='lat' dir='ltr'>habent</span> <span class='ocrx_word' id='word_1_22' title='bbox 843 341 1014 378; x_wconf 84' lang='lat' dir='ltr'>carmina</span> <span class='ocrx_word' id='word_1_23' title='bbox 1046 346 1179 378; x_wconf 86' lang='lat' dir='ltr'>nostra</span> <span class='ocrx_word' id='word_1_24' title='bbox 1211 339 1353 390; x_wconf 82' lang='lat' dir='ltr'>pedes,</span> 
     </span>
     <span class='ocr_line' id='line_1_5' title="bbox 250 397 1364 450; baseline 0 -14"><span class='ocrx_word' id='word_1_25' title='bbox 250 398 356 436; x_wconf 89' lang='lat' dir='ltr'>Hauc</span> <span class='ocrx_word' id='word_1_26' title='bbox 376 430 386 450; x_wconf 88' lang='lat'><em>‚</em></span> <span class='ocrx_word' id='word_1_27' title='bbox 419 399 509 449; x_wconf 89' lang='lat' dir='ltr'>quia</span> <span class='ocrx_word' id='word_1_28' title='bbox 540 399 642 436; x_wconf 88' lang='lat' dir='ltr'>iusta</span> <span class='ocrx_word' id='word_1_29' title='bbox 675 398 806 436; x_wconf 86' lang='lat' dir='ltr'>ferunt</span> <span class='ocrx_word' id='word_1_30' title='bbox 825 429 835 448; x_wconf 85' lang='lat'><em>‚</em></span> <span class='ocrx_word' id='word_1_31' title='bbox 868 398 1001 436; x_wconf 84' lang='lat' dir='ltr'>dixere</span> <span class='ocrx_word' id='word_1_32' title='bbox 1034 397 1183 436; x_wconf 82' lang='lat' dir='ltr'>Feralia</span> <span class='ocrx_word' id='word_1_33' title='bbox 1214 397 1364 450; x_wconf 82' lang='lat' dir='ltr'>lucem,</span> 
     </span>
     <span class='ocr_line' id='line_1_6' title="bbox 162 455 1126 507; baseline -0.003 -11"><span class='ocrx_word' id='word_1_34' title='bbox 162 465 228 496; x_wconf 83' lang='lat'>570</span> <span class='ocrx_word' id='word_1_35' title='bbox 308 456 450 495; x_wconf 89' lang='lat' dir='ltr'>Ultima</span> <span class='ocrx_word' id='word_1_36' title='bbox 481 456 678 507; x_wconf 81' lang='lat' dir='ltr'>placandis</span> <span class='ocrx_word' id='word_1_37' title='bbox 712 456 890 494; x_wconf 87' lang='lat' dir='ltr'>manibus</span> <span class='ocrx_word' id='word_1_38' title='bbox 922 455 985 494; x_wconf 90' lang='lat' dir='ltr'>illa</span> <span class='ocrx_word' id='word_1_39' title='bbox 1018 456 1126 494; x_wconf 90' lang='lat' dir='ltr'>dies.</span> 
     </span>
     <span class='ocr_line' id='line_1_7' title="bbox 247 513 1307 564; baseline -0.002 -10"><span class='ocrx_word' id='word_1_40' title='bbox 247 515 349 554; x_wconf 88' lang='lat' dir='ltr'>Ecce</span> <span class='ocrx_word' id='word_1_41' title='bbox 383 527 507 553; x_wconf 89' lang='lat' dir='ltr'>annus</span> <span class='ocrx_word' id='word_1_42' title='bbox 539 516 579 553; x_wconf 89' lang='lat' dir='ltr'>iu</span> <span class='ocrx_word' id='word_1_43' title='bbox 611 514 749 553; x_wconf 89' lang='lat' dir='ltr'>mediis</span> <span class='ocrx_word' id='word_1_44' title='bbox 782 514 958 553; x_wconf 80' lang='lat' dir='ltr'>residens</span> <span class='ocrx_word' id='word_1_45' title='bbox 990 526 1135 552; x_wconf 88' lang='lat' dir='ltr'>annosa</span> <span class='ocrx_word' id='word_1_46' title='bbox 1167 513 1307 564; x_wconf 86' lang='lat' dir='ltr'>puellis</span> 
     </span>
     <span class='ocr_line' id='line_1_8' title="bbox 311 573 1309 623; baseline 0 -11"><span class='ocrx_word' id='word_1_47' title='bbox 311 573 429 612; x_wconf 91' lang='lat' dir='ltr'>Sacra</span> <span class='ocrx_word' id='word_1_48' title='bbox 461 574 553 612; x_wconf 86' lang='lat' dir='ltr'>facit</span> <span class='ocrx_word' id='word_1_49' title='bbox 585 573 770 612; x_wconf 82' lang='lat' dir='ltr'>Tacitae:</span> <span class='ocrx_word' id='word_1_50' title='bbox 814 575 876 611; x_wconf 80' lang='lat' dir='ltr'>vix</span> <span class='ocrx_word' id='word_1_51' title='bbox 908 579 1037 611; x_wconf 85' lang='lat' dir='ltr'>tamen</span> <span class='ocrx_word' id='word_1_52' title='bbox 1068 574 1152 623; x_wconf 91' lang='lat' dir='ltr'>ipsa</span> <span class='ocrx_word' id='word_1_53' title='bbox 1183 578 1309 612; x_wconf 87' lang='lat' dir='ltr'>tacet:</span> 
     </span>
     <span class='ocr_line' id='line_1_9' title="bbox 249 631 1280 683; baseline -0.001 -13"><span class='ocrx_word' id='word_1_54' title='bbox 249 632 298 671; x_wconf 89' lang='lat' dir='ltr'>Et</span> <span class='ocrx_word' id='word_1_55' title='bbox 330 633 461 682; x_wconf 82' lang='lat' dir='ltr'>digitis</span> <span class='ocrx_word' id='word_1_56' title='bbox 494 633 567 670; x_wconf 88' lang='lat' dir='ltr'>tria</span> <span class='ocrx_word' id='word_1_57' title='bbox 599 637 687 670; x_wconf 91' lang='lat' dir='ltr'>tura</span> <span class='ocrx_word' id='word_1_58' title='bbox 720 631 845 670; x_wconf 87' lang='lat' dir='ltr'>tribus</span> <span class='ocrx_word' id='word_1_59' title='bbox 878 631 950 670; x_wconf 92' lang='lat' dir='ltr'>sub</span> <span class='ocrx_word' id='word_1_60' title='bbox 983 631 1115 669; x_wconf 88' lang='lat' dir='ltr'>limine</span> <span class='ocrx_word' id='word_1_61' title='bbox 1147 632 1280 683; x_wconf 78' lang='lat' dir='ltr'>ponit,</span> 
     </span>
     <span class='ocr_line' id='line_1_10' title="bbox 310 690 1263 736; baseline 0.001 -8"><span class='ocrx_word' id='word_1_62' title='bbox 310 690 392 736; x_wconf 90' lang='lat' dir='ltr'>Qua</span> <span class='ocrx_word' id='word_1_63' title='bbox 426 690 554 729; x_wconf 85' lang='lat' dir='ltr'>brevis</span> <span class='ocrx_word' id='word_1_64' title='bbox 587 690 782 729; x_wconf 83' lang='lat' dir='ltr'>occultum</span> <span class='ocrx_word' id='word_1_65' title='bbox 815 702 903 729; x_wconf 91' lang='lat' dir='ltr'>mus</span> <span class='ocrx_word' id='word_1_66' title='bbox 936 690 1009 728; x_wconf 89' lang='lat' dir='ltr'>sibi</span> <span class='ocrx_word' id='word_1_67' title='bbox 1042 691 1135 728; x_wconf 84' lang='lat' dir='ltr'>fecit</span> <span class='ocrx_word' id='word_1_68' title='bbox 1166 691 1263 729; x_wconf 89' lang='lat' dir='ltr'>iter.</span> 
     </span>
     <span class='ocr_line' id='line_1_11' title="bbox 162 747 1274 800; baseline -0.002 -12"><span class='ocrx_word' id='word_1_69' title='bbox 162 757 228 788; x_wconf 80' lang='lat'>575</span> <span class='ocrx_word' id='word_1_70' title='bbox 250 749 359 788; x_wconf 87' lang='lat' dir='ltr'>Tunc</span> <span class='ocrx_word' id='word_1_71' title='bbox 393 755 545 788; x_wconf 88' lang='lat' dir='ltr'>cantata</span> <span class='ocrx_word' id='word_1_72' title='bbox 577 748 670 799; x_wconf 87' lang='lat' dir='ltr'>ligat</span> <span class='ocrx_word' id='word_1_73' title='bbox 701 761 790 787; x_wconf 90' lang='lat' dir='ltr'>cum</span> <span class='ocrx_word' id='word_1_74' title='bbox 823 750 932 787; x_wconf 84' lang='lat' dir='ltr'>fusco</span> <span class='ocrx_word' id='word_1_75' title='bbox 964 748 1051 787; x_wconf 88' lang='lat' dir='ltr'>licia</span> <span class='ocrx_word' id='word_1_76' title='bbox 1084 747 1274 800; x_wconf 85' lang='lat' dir='ltr'>rhombo,</span> 
     </span>
     <span class='ocr_line' id='line_1_12' title="bbox 310 807 1198 859; baseline -0.001 -13"><span class='ocrx_word' id='word_1_77' title='bbox 310 808 358 846; x_wconf 90' lang='lat' dir='ltr'>Et</span> <span class='ocrx_word' id='word_1_78' title='bbox 391 813 541 859; x_wconf 86' lang='lat' dir='ltr'>septem</span> <span class='ocrx_word' id='word_1_79' title='bbox 574 809 704 858; x_wconf 87' lang='lat' dir='ltr'>nigras</span> <span class='ocrx_word' id='word_1_80' title='bbox 738 813 866 846; x_wconf 82' lang='lat' dir='ltr'>versat</span> <span class='ocrx_word' id='word_1_81' title='bbox 896 809 936 846; x_wconf 92' lang='lat' dir='ltr'>in</span> <span class='ocrx_word' id='word_1_82' title='bbox 969 819 1036 845; x_wconf 91' lang='lat' dir='ltr'>ore</span> <span class='ocrx_word' id='word_1_83' title='bbox 1069 807 1198 846; x_wconf 88' lang='lat' dir='ltr'>fabas.</span> 
     </span>
     <span class='ocr_line' id='line_1_13' title="bbox 251 866 1408 917; baseline 0 -13"><span class='ocrx_word' id='word_1_84' title='bbox 251 866 442 917; x_wconf 87' lang='lat' dir='ltr'>Quodque</span> <span class='ocrx_word' id='word_1_85' title='bbox 475 868 561 917; x_wconf 82' lang='lat' dir='ltr'>pice</span> <span class='ocrx_word' id='word_1_86' title='bbox 594 866 828 917; x_wconf 79' lang='lat' dir='ltr'>adstrinxit,</span> <span class='ocrx_word' id='word_1_87' title='bbox 867 866 970 916; x_wconf 91' lang='lat' dir='ltr'>quod</span> <span class='ocrx_word' id='word_1_88' title='bbox 1002 878 1073 904; x_wconf 89' lang='lat' dir='ltr'>acu</span> <span class='ocrx_word' id='word_1_89' title='bbox 1106 866 1260 904; x_wconf 85' lang='lat' dir='ltr'>traiecit</span> <span class='ocrx_word' id='word_1_90' title='bbox 1291 869 1408 917; x_wconf 73' lang='lat' dir='ltr'>aena,</span> 
     </span>
     <span class='ocr_line' id='line_1_14' title="bbox 311 925 1216 976; baseline -0.001 -13"><span class='ocrx_word' id='word_1_91' title='bbox 311 925 506 964; x_wconf 86' lang='lat' dir='ltr'>Obsutum</span> <span class='ocrx_word' id='word_1_92' title='bbox 538 937 695 963; x_wconf 85' lang='lat' dir='ltr'>maenae</span> <span class='ocrx_word' id='word_1_93' title='bbox 728 930 852 963; x_wconf 88' lang='lat' dir='ltr'>torret</span> <span class='ocrx_word' id='word_1_94' title='bbox 883 926 923 963; x_wconf 91' lang='lat' dir='ltr'>in</span> <span class='ocrx_word' id='word_1_95' title='bbox 955 926 1043 974; x_wconf 87' lang='lat' dir='ltr'>igne</span> <span class='ocrx_word' id='word_1_96' title='bbox 1077 930 1216 976; x_wconf 82' lang='lat' dir='ltr'>caput3</span> 
     </span>
     <span class='ocr_line' id='line_1_15' title="bbox 250 983 1410 1035; baseline -0.001 -14"><span class='ocrx_word' id='word_1_97' title='bbox 250 983 345 1022; x_wconf 92' lang='lat' dir='ltr'>Vina</span> <span class='ocrx_word' id='word_1_98' title='bbox 378 995 533 1035; x_wconf 90' lang='lat' dir='ltr'>quoque</span> <span class='ocrx_word' id='word_1_99' title='bbox 566 983 754 1022; x_wconf 87' lang='lat' dir='ltr'>instillat.</span> <span class='ocrx_word' id='word_1_100' title='bbox 812 985 891 1022; x_wconf 87' lang='lat' dir='ltr'>vini</span> <span class='ocrx_word' id='word_1_101' title='bbox 923 983 1196 1033; x_wconf 87' lang='lat' dir='ltr'>quodcumque</span> <span class='ocrx_word' id='word_1_102' title='bbox 1229 983 1410 1022; x_wconf 86' lang='lat' dir='ltr'>relictum</span> 
     </span>
     <span class='ocr_line' id='line_1_16' title="bbox 979 1048 1061 1092; baseline 0 -13"><span class='ocrx_word' id='word_1_103' title='bbox 979 1048 1061 1092; x_wconf 83' lang='lat' dir='ltr'>est,</span> 
     </span>
     <span class='ocr_line' id='line_1_17' title="bbox 164 1099 1430 1152; baseline -0.001 -12"><span class='ocrx_word' id='word_1_104' title='bbox 164 1109 231 1141; x_wconf 84' lang='lat'>580</span> <span class='ocrx_word' id='word_1_105' title='bbox 311 1100 388 1139; x_wconf 85' lang='lat' dir='ltr'>Aut</span> <span class='ocrx_word' id='word_1_106' title='bbox 419 1103 531 1152; x_wconf 83' lang='lat' dir='ltr'>ipsa,</span> <span class='ocrx_word' id='word_1_107' title='bbox 564 1106 630 1139; x_wconf 88' lang='lat' dir='ltr'>aut</span> <span class='ocrx_word' id='word_1_108' title='bbox 662 1101 824 1139; x_wconf 82' lang='lat' dir='ltr'>comites</span> <span class='ocrx_word' id='word_1_109' title='bbox 843 1131 853 1151; x_wconf 90' lang='lat'>‚</span> <span class='ocrx_word' id='word_1_110' title='bbox 885 1100 973 1151; x_wconf 88' lang='lat' dir='ltr'>plus</span> <span class='ocrx_word' id='word_1_111' title='bbox 1005 1106 1135 1138; x_wconf 88' lang='lat' dir='ltr'>tamen</span> <span class='ocrx_word' id='word_1_112' title='bbox 1166 1100 1279 1152; x_wconf 83' lang='lat' dir='ltr'>ipsa,</span> <span class='ocrx_word' id='word_1_113' title='bbox 1311 1099 1430 1139; x_wconf 88' lang='lat' dir='ltr'>bibit.</span> 
     </span>
     <span class='ocr_line' id='line_1_18' title="bbox 252 1155 1239 1209; baseline -0.001 -12"><span class='ocrx_word' id='word_1_114' title='bbox 252 1156 444 1198; x_wconf 73' lang='lat' dir='ltr'>‘Hostiles</span> <span class='ocrx_word' id='word_1_115' title='bbox 475 1160 627 1209; x_wconf 86' lang='lat' dir='ltr'>linguas</span> <span class='ocrx_word' id='word_1_116' title='bbox 658 1161 894 1209; x_wconf 90' lang='lat' dir='ltr'>inimicaque</span> <span class='ocrx_word' id='word_1_117' title='bbox 926 1160 1119 1196; x_wconf 83' lang='lat' dir='ltr'>vinximus</span> <span class='ocrx_word' id='word_1_118' title='bbox 1151 1155 1239 1196; x_wconf 87' lang='lat' dir='ltr'>ora’</span> 
     </span>
     <span class='ocr_line' id='line_1_19' title="bbox 311 1217 1158 1270; baseline 0 -15"><span class='ocrx_word' id='word_1_119' title='bbox 311 1217 411 1257; x_wconf 88' lang='lat' dir='ltr'>Dicit</span> <span class='ocrx_word' id='word_1_120' title='bbox 442 1217 677 1270; x_wconf 87' lang='lat' dir='ltr'>discedens,</span> <span class='ocrx_word' id='word_1_121' title='bbox 711 1217 895 1268; x_wconf 89' lang='lat' dir='ltr'>ebriaque</span> <span class='ocrx_word' id='word_1_122' title='bbox 929 1218 1006 1255; x_wconf 85' lang='lat' dir='ltr'>exit</span> <span class='ocrx_word' id='word_1_123' title='bbox 1039 1229 1158 1255; x_wconf 90' lang='lat' dir='ltr'>anus.</span> 
     </span>
     <span class='ocr_line' id='line_1_20' title="bbox 252 1275 1378 1327; baseline 0 -13"><span class='ocrx_word' id='word_1_124' title='bbox 252 1276 436 1315; x_wconf 87' lang='lat' dir='ltr'>Protinus</span> <span class='ocrx_word' id='word_1_125' title='bbox 469 1289 489 1314; x_wconf 88' lang='lat' dir='ltr'>a</span> <span class='ocrx_word' id='word_1_126' title='bbox 520 1276 633 1314; x_wconf 87' lang='lat' dir='ltr'>nobis</span> <span class='ocrx_word' id='word_1_127' title='bbox 651 1307 661 1327; x_wconf 83' lang='lat'><strong><em>,</em></strong></span> <span class='ocrx_word' id='word_1_128' title='bbox 696 1287 792 1327; x_wconf 90' lang='lat' dir='ltr'>quae</span> <span class='ocrx_word' id='word_1_129' title='bbox 826 1277 876 1313; x_wconf 88' lang='lat' dir='ltr'>sit</span> <span class='ocrx_word' id='word_1_130' title='bbox 908 1275 977 1313; x_wconf 88' lang='lat' dir='ltr'>dea</span> <span class='ocrx_word' id='word_1_131' title='bbox 1010 1275 1142 1326; x_wconf 84' lang='lat' dir='ltr'>Muta,</span> <span class='ocrx_word' id='word_1_132' title='bbox 1176 1275 1378 1326; x_wconf 85' lang='lat' dir='ltr'>requires.</span> 
     </span>
     <span class='ocr_line' id='line_1_21' title="bbox 310 1334 1320 1386; baseline -0.001 -13"><span class='ocrx_word' id='word_1_133' title='bbox 310 1334 422 1373; x_wconf 89' lang='lat' dir='ltr'>Disce</span> <span class='ocrx_word' id='word_1_134' title='bbox 442 1366 452 1386; x_wconf 84' lang='grc'>,</span> <span class='ocrx_word' id='word_1_135' title='bbox 484 1346 554 1385; x_wconf 91' lang='lat' dir='ltr'>per</span> <span class='ocrx_word' id='word_1_136' title='bbox 587 1337 767 1385; x_wconf 88' lang='lat' dir='ltr'>antiquos</span> <span class='ocrx_word' id='word_1_137' title='bbox 800 1346 899 1384; x_wconf 90' lang='lat' dir='ltr'>quae</span> <span class='ocrx_word' id='word_1_138' title='bbox 931 1334 1025 1371; x_wconf 90' lang='lat' dir='ltr'>mihi</span> <span class='ocrx_word' id='word_1_139' title='bbox 1058 1339 1146 1372; x_wconf 89' lang='lat' dir='ltr'>nota</span> <span class='ocrx_word' id='word_1_140' title='bbox 1180 1345 1320 1372; x_wconf 92' lang='lat' dir='ltr'>senes.</span> 
     </span>
     <span class='ocr_line' id='line_1_22' title="bbox 164 1393 1253 1446; baseline -0.002 -14"><span class='ocrx_word' id='word_1_141' title='bbox 164 1402 230 1433; x_wconf 83' lang='lat'>585</span> <span class='ocrx_word' id='word_1_142' title='bbox 251 1393 456 1446; x_wconf 84' lang='lat' dir='ltr'>Iuppiter,</span> <span class='ocrx_word' id='word_1_143' title='bbox 487 1393 677 1432; x_wconf 87' lang='lat' dir='ltr'>indomito</span> <span class='ocrx_word' id='word_1_144' title='bbox 711 1393 895 1431; x_wconf 80' lang='lat' dir='ltr'>Iuturnae</span> <span class='ocrx_word' id='word_1_145' title='bbox 928 1398 1064 1442; x_wconf 90' lang='lat' dir='ltr'>captus</span> <span class='ocrx_word' id='word_1_146' title='bbox 1097 1404 1253 1444; x_wconf 77' lang='lat' dir='ltr'>amore,</span> 
     </span>
     <span class='ocr_line' id='line_1_23' title="bbox 309 1451 1140 1502; baseline -0.002 -12"><span class='ocrx_word' id='word_1_147' title='bbox 309 1451 427 1490; x_wconf 86' lang='lat' dir='ltr'>Multa</span> <span class='ocrx_word' id='word_1_148' title='bbox 460 1451 550 1490; x_wconf 89' lang='lat' dir='ltr'>tulit</span> <span class='ocrx_word' id='word_1_149' title='bbox 581 1457 688 1490; x_wconf 86' lang='lat' dir='ltr'>tanto</span> <span class='ocrx_word' id='word_1_150' title='bbox 721 1463 799 1490; x_wconf 87' lang='lat' dir='ltr'>non</span> <span class='ocrx_word' id='word_1_151' title='bbox 832 1451 1013 1502; x_wconf 88' lang='lat' dir='ltr'>patienda</span> <span class='ocrx_word' id='word_1_152' title='bbox 1046 1451 1140 1489; x_wconf 90' lang='lat' dir='ltr'>deo.</span> 
     </span>
     <span class='ocr_line' id='line_1_24' title="bbox 252 1508 1208 1561; baseline -0.002 -12"><span class='ocrx_word' id='word_1_153' title='bbox 252 1510 318 1549; x_wconf 89' lang='lat' dir='ltr'>Illa</span> <span class='ocrx_word' id='word_1_154' title='bbox 350 1510 464 1549; x_wconf 91' lang='lat' dir='ltr'>modo</span> <span class='ocrx_word' id='word_1_155' title='bbox 496 1512 536 1548; x_wconf 91' lang='lat' dir='ltr'>in</span> <span class='ocrx_word' id='word_1_156' title='bbox 569 1511 674 1549; x_wconf 87' lang='lat' dir='ltr'>silvis</span> <span class='ocrx_word' id='word_1_157' title='bbox 707 1511 811 1549; x_wconf 89' lang='lat' dir='ltr'>iuter</span> <span class='ocrx_word' id='word_1_158' title='bbox 843 1509 1012 1560; x_wconf 75' lang='lat' dir='ltr'>coryleta</span> <span class='ocrx_word' id='word_1_159' title='bbox 1043 1508 1208 1561; x_wconf 87' lang='lat' dir='ltr'>latebat,</span> 
     </span>
     <span class='ocr_line' id='line_1_25' title="bbox 311 1568 1120 1620; baseline -0.001 -13"><span class='ocrx_word' id='word_1_160' title='bbox 311 1569 423 1607; x_wconf 88' lang='lat' dir='ltr'>Nunc</span> <span class='ocrx_word' id='word_1_161' title='bbox 454 1570 493 1607; x_wconf 91' lang='lat' dir='ltr'>in</span> <span class='ocrx_word' id='word_1_162' title='bbox 527 1575 709 1620; x_wconf 87' lang='lat' dir='ltr'>cognatas</span> <span class='ocrx_word' id='word_1_163' title='bbox 742 1568 945 1607; x_wconf 89' lang='lat' dir='ltr'>desiliebat</span> <span class='ocrx_word' id='word_1_164' title='bbox 977 1580 1120 1619; x_wconf 88' lang='lat' dir='ltr'>aquas.</span> 
     </span>
     <span class='ocr_line' id='line_1_26' title="bbox 252 1626 1305 1679; baseline -0.002 -13"><span class='ocrx_word' id='word_1_165' title='bbox 252 1627 449 1667; x_wconf 85' lang='lat' dir='ltr'>Convocat</span> <span class='ocrx_word' id='word_1_166' title='bbox 485 1627 548 1666; x_wconf 89' lang='lat' dir='ltr'>hic</span> <span class='ocrx_word' id='word_1_167' title='bbox 586 1627 804 1679; x_wconf 77' lang='lat' dir='ltr'>nymphas,</span> <span class='ocrx_word' id='word_1_168' title='bbox 844 1626 998 1666; x_wconf 86' lang='lat' dir='ltr'>Latium</span> <span class='ocrx_word' id='word_1_169' title='bbox 1035 1638 1305 1677; x_wconf 87' lang='lat' dir='ltr'>quaecumque</span> 
     </span>
     <span class='ocr_line' id='line_1_27' title="bbox 981 1685 1191 1737; baseline -0.005 -13"><span class='ocrx_word' id='word_1_170' title='bbox 981 1685 1191 1737; x_wconf 83' lang='lat' dir='ltr'>tenebant,</span> 
     </span>
     <span class='ocr_line' id='line_1_28' title="bbox 164 1743 1160 1785; baseline -0.003 -1"><span class='ocrx_word' id='word_1_171' title='bbox 164 1753 232 1785; x_wconf 86' lang='lat'>590</span> <span class='ocrx_word' id='word_1_172' title='bbox 313 1744 362 1783; x_wconf 89' lang='lat' dir='ltr'>Et</span> <span class='ocrx_word' id='word_1_173' title='bbox 392 1746 484 1782; x_wconf 89' lang='lat' dir='ltr'>iacit</span> <span class='ocrx_word' id='word_1_174' title='bbox 515 1746 555 1782; x_wconf 91' lang='lat' dir='ltr'>in</span> <span class='ocrx_word' id='word_1_175' title='bbox 587 1744 714 1782; x_wconf 90' lang='lat' dir='ltr'>medio</span> <span class='ocrx_word' id='word_1_176' title='bbox 747 1744 835 1782; x_wconf 89' lang='lat' dir='ltr'>talia</span> <span class='ocrx_word' id='word_1_177' title='bbox 867 1743 984 1782; x_wconf 86' lang='lat' dir='ltr'>verba</span> <span class='ocrx_word' id='word_1_178' title='bbox 1016 1743 1160 1782; x_wconf 87' lang='lat' dir='ltr'>choro:</span> 
     </span>
     <span class='ocr_line' id='line_1_29' title="bbox 254 1799 1315 1854; baseline -0.003 -13"><span class='ocrx_word' id='word_1_179' title='bbox 254 1799 427 1841; x_wconf 78' lang='lat' dir='ltr'>‘Invidet</span> <span class='ocrx_word' id='word_1_180' title='bbox 458 1804 541 1854; x_wconf 91' lang='lat' dir='ltr'>ipsa</span> <span class='ocrx_word' id='word_1_181' title='bbox 574 1802 676 1854; x_wconf 85' lang='lat' dir='ltr'>sibi,</span> <span class='ocrx_word' id='word_1_182' title='bbox 709 1804 880 1852; x_wconf 84' lang='lat' dir='ltr'>vitatque</span> <span class='ocrx_word' id='word_1_183' title='bbox 913 1802 1016 1852; x_wconf 90' lang='lat' dir='ltr'>quod</span> <span class='ocrx_word' id='word_1_184' title='bbox 1050 1801 1206 1852; x_wconf 86' lang='lat' dir='ltr'>expedit</span> <span class='ocrx_word' id='word_1_185' title='bbox 1236 1799 1315 1851; x_wconf 87' lang='lat' dir='ltr'>illi,</span> 
     </span>
     <span class='ocr_line' id='line_1_30' title="bbox 312 1859 1334 1912; baseline -0.003 -13"><span class='ocrx_word' id='word_1_186' title='bbox 312 1861 448 1900; x_wconf 90' lang='lat' dir='ltr'>Vestra</span> <span class='ocrx_word' id='word_1_187' title='bbox 481 1872 594 1900; x_wconf 89' lang='lat' dir='ltr'>soror</span> <span class='ocrx_word' id='word_1_188' title='bbox 613 1893 623 1912; x_wconf 90' lang='lat'>‚</span> <span class='ocrx_word' id='word_1_189' title='bbox 656 1873 807 1899; x_wconf 85' lang='lat' dir='ltr'>summo</span> <span class='ocrx_word' id='word_1_190' title='bbox 839 1862 1001 1910; x_wconf 87' lang='lat' dir='ltr'>iungere</span> <span class='ocrx_word' id='word_1_191' title='bbox 1035 1859 1208 1898; x_wconf 91' lang='lat' dir='ltr'>membra</span> <span class='ocrx_word' id='word_1_192' title='bbox 1240 1859 1334 1897; x_wconf 84' lang='lat' dir='ltr'>deo.</span> 
     </span>
     <span class='ocr_line' id='line_1_31' title="bbox 254 1916 1470 1969; baseline -0.002 -11"><span class='ocrx_word' id='word_1_193' title='bbox 254 1919 453 1959; x_wconf 89' lang='lat' dir='ltr'>Consulite</span> <span class='ocrx_word' id='word_1_194' title='bbox 487 1918 704 1958; x_wconf 87' lang='lat' dir='ltr'>ambobus!</span> <span class='ocrx_word' id='word_1_195' title='bbox 750 1931 837 1957; x_wconf 92' lang='lat' dir='ltr'>nam</span> <span class='ocrx_word' id='word_1_196' title='bbox 869 1930 968 1969; x_wconf 89' lang='lat' dir='ltr'>quae</span> <span class='ocrx_word' id='word_1_197' title='bbox 995 1931 1079 1957; x_wconf 87' lang='lat' dir='ltr'>mea</span> <span class='ocrx_word' id='word_1_198' title='bbox 1106 1929 1242 1969; x_wconf 89' lang='lat' dir='ltr'>magna</span> <span class='ocrx_word' id='word_1_199' title='bbox 1274 1916 1470 1969; x_wconf 88' lang='lat' dir='ltr'>voluptas,</span> 
     </span>
     <span class='ocr_line' id='line_1_32' title="bbox 311 1978 1112 2028; baseline -0.003 -11"><span class='ocrx_word' id='word_1_200' title='bbox 311 1978 465 2017; x_wconf 85' lang='lat' dir='ltr'>Utilitas</span> <span class='ocrx_word' id='word_1_201' title='bbox 497 1983 648 2016; x_wconf 87' lang='lat' dir='ltr'>vestrae</span> <span class='ocrx_word' id='word_1_202' title='bbox 680 1979 804 2028; x_wconf 89' lang='lat' dir='ltr'>prima</span> <span class='ocrx_word' id='word_1_203' title='bbox 837 1979 983 2016; x_wconf 87' lang='lat' dir='ltr'>sororis</span> <span class='ocrx_word' id='word_1_204' title='bbox 1016 1979 1112 2016; x_wconf 88' lang='lat' dir='ltr'>erit.</span> 
     </span>
     <span class='ocr_line' id='line_1_33' title="bbox 166 2036 1189 2099; baseline -0.002 -23"><span class='ocrx_word' id='word_1_205' title='bbox 166 2046 232 2077; x_wconf 78' lang='lat'>595</span> <span class='ocrx_word' id='word_1_206' title='bbox 253 2037 329 2076; x_wconf 90' lang='lat' dir='ltr'>Vos</span> <span class='ocrx_word' id='word_1_207' title='bbox 361 2036 416 2075; x_wconf 90' lang='lat' dir='ltr'>illi</span> <span class='ocrx_word' id='word_1_208' title='bbox 449 2038 487 2075; x_wconf 94' lang='lat' dir='ltr'>in</span> <span class='ocrx_word' id='word_1_209' title='bbox 521 2038 643 2087; x_wconf 72' lang='lat' dir='ltr'>plima</span> <span class='ocrx_word' id='word_1_210' title='bbox 678 2037 842 2099; x_wconf 83' lang='lat' dir='ltr'>fugienti</span> <span class='ocrx_word' id='word_1_211' title='bbox 875 2036 1051 2074; x_wconf 87' lang='lat' dir='ltr'>obsistite</span> <span class='ocrx_word' id='word_1_212' title='bbox 1084 2037 1189 2086; x_wconf 89' lang='lat' dir='ltr'>ripa,</span> 
     </span>
     <span class='ocr_line' id='line_1_34' title="bbox 311 2087 1235 2145; baseline -0.002 -11"><span class='ocrx_word' id='word_1_213' title='bbox 311 2095 366 2134; x_wconf 90' lang='lat' dir='ltr'>Ne</span> <span class='ocrx_word' id='word_1_214' title='bbox 400 2107 469 2134; x_wconf 88' lang='lat' dir='ltr'>sua</span> <span class='ocrx_word' id='word_1_215' title='bbox 501 2096 683 2133; x_wconf 79' lang='lat' dir='ltr'>fluminea</span> <span class='ocrx_word' id='word_1_216' title='bbox 716 2087 880 2145; x_wconf 72' lang='lat' dir='ltr'>corpora</span> <span class='ocrx_word' id='word_1_217' title='bbox 913 2100 1062 2145; x_wconf 88' lang='lat' dir='ltr'>mergat</span> <span class='ocrx_word' id='word_1_218' title='bbox 1093 2089 1235 2144; x_wconf 49' lang='lat' dir='ltr'>aqua)</span> 
     </span>
    </p>

    <p class='ocr_par' dir='ltr' id='par_1_3' title="bbox 253 2151 1337 2322">
     <span class='ocr_line' id='line_1_35' title="bbox 253 2151 1296 2204; baseline -0.003 -11"><span class='ocrx_word' id='word_1_219' title='bbox 253 2154 433 2193; x_wconf 80' lang='lat' dir='ltr'>D1xerat:</span> <span class='ocrx_word' id='word_1_220' title='bbox 481 2154 697 2192; x_wconf 87' lang='lat' dir='ltr'>adnuerant</span> <span class='ocrx_word' id='word_1_221' title='bbox 729 2165 864 2192; x_wconf 91' lang='lat' dir='ltr'>omnes</span> <span class='ocrx_word' id='word_1_222' title='bbox 896 2152 1141 2191; x_wconf 85' lang='lat' dir='ltr'>Tiberinides</span> <span class='ocrx_word' id='word_1_223' title='bbox 1174 2151 1296 2204; x_wconf 85' lang='lat' dir='ltr'>udae,</span> 
     </span>
     <span class='ocr_line' id='line_1_36' title="bbox 314 2210 1306 2263; baseline -0.003 -12"><span class='ocrx_word' id='word_1_224' title='bbox 314 2213 500 2263; x_wconf 86' lang='lat' dir='ltr'>Quaeque</span> <span class='ocrx_word' id='word_1_225' title='bbox 533 2211 667 2251; x_wconf 87' lang='lat' dir='ltr'>colunt</span> <span class='ocrx_word' id='word_1_226' title='bbox 699 2211 887 2250; x_wconf 89' lang='lat' dir='ltr'>thalamos</span> <span class='ocrx_word' id='word_1_227' title='bbox 906 2241 917 2263; x_wconf 89' lang='lat'>‚</span> <span class='ocrx_word' id='word_1_228' title='bbox 949 2210 1015 2249; x_wconf 81' lang='lat' dir='ltr'>[lia</span> <span class='ocrx_word' id='word_1_229' title='bbox 1048 2210 1161 2261; x_wconf 85' lang='lat' dir='ltr'>diva,</span> <span class='ocrx_word' id='word_1_230' title='bbox 1193 2216 1306 2249; x_wconf 89' lang='lat' dir='ltr'>tuos.</span> 
     </span>
     <span class='ocr_line' id='line_1_37' title="bbox 253 2268 1337 2322; baseline -0.003 -13"><span class='ocrx_word' id='word_1_231' title='bbox 253 2270 371 2310; x_wconf 88' lang='lat' dir='ltr'>Forte</span> <span class='ocrx_word' id='word_1_232' title='bbox 404 2271 478 2309; x_wconf 87' lang='lat' dir='ltr'>fuit</span> <span class='ocrx_word' id='word_1_233' title='bbox 509 2272 621 2322; x_wconf 84' lang='lat' dir='ltr'>nais⁷</span> <span class='ocrx_word' id='word_1_234' title='bbox 653 2270 752 2309; x_wconf 88' lang='lat' dir='ltr'>Lara</span> <span class='ocrx_word' id='word_1_235' title='bbox 783 2271 969 2309; x_wconf 89' lang='lat' dir='ltr'>nomine.</span> <span class='ocrx_word' id='word_1_236' title='bbox 1025 2270 1149 2320; x_wconf 89' lang='lat' dir='ltr'>prima</span> <span class='ocrx_word' id='word_1_237' title='bbox 1182 2268 1249 2307; x_wconf 89' lang='lat' dir='ltr'>sed</span> <span class='ocrx_word' id='word_1_238' title='bbox 1281 2268 1337 2307; x_wconf 91' lang='lat' dir='ltr'>illi</span> 
     </span>
    </p>

    <p class='ocr_par' dir='ltr' id='par_1_4' title="bbox 166 2327 1236 2380">
     <span class='ocr_line' id='line_1_38' title="bbox 166 2327 1236 2380; baseline -0.003 -11"><span class='ocrx_word' id='word_1_239' title='bbox 166 2337 233 2369; x_wconf 87' lang='grc'>600</span> <span class='ocrx_word' id='word_1_240' title='bbox 314 2329 421 2368; x_wconf 86' lang='lat' dir='ltr'>Dicta</span> <span class='ocrx_word' id='word_1_241' title='bbox 453 2328 513 2367; x_wconf 88' lang='lat' dir='ltr'>bis</span> <span class='ocrx_word' id='word_1_242' title='bbox 546 2330 750 2380; x_wconf 90' lang='lat' dir='ltr'>antiquum</span> <span class='ocrx_word' id='word_1_243' title='bbox 782 2327 924 2380; x_wconf 84' lang='lat' dir='ltr'>syllaba</span> <span class='ocrx_word' id='word_1_244' title='bbox 956 2339 1099 2367; x_wconf 88' lang='lat' dir='ltr'>nomen</span> <span class='ocrx_word' id='word_1_245' title='bbox 1131 2333 1236 2379; x_wconf 89' lang='lat' dir='ltr'>erat,</span> 
     </span>
    </p>
   </div>
  </div>
 </body>
</html>
