1570 2527
588 112 653 144 11L
679 112 876 145 337-4o5.
1318 107 1401 149 269

241 220 418 260 Decidit.
475 232 495 258 a
526 219 669 271 populo
703 219 848 257 clamor
880 217 926 257 ad
959 222 1062 256 astra
1094 217 1225 256 venit.

96 289 162 322 375
184 280 300 319 Tollit
330 279 449 317 humo
482 289 626 317 munus
659 289 771 316 caesa
802 278 912 328 prius
943 276 1007 315 ille
1039 277 1226 328 iuvenca,

242 338 349 384 Quae
382 337 543 375 dederat
574 335 672 375 nulli
703 335 799 374 colla
831 334 1044 387 premenda
1075 336 1193 386 iuge,

183 398 310 448 Atque
342 395 465 435 ancile
498 400 638 446 vocat,
671 394 775 450 quod
808 393 854 432 ab
887 394 994 432 omni
1024 398 1135 445 parte
1168 393 1339 431 recisum

912 458 994 504 est,

244 513 406 564 Quaque
438 517 551 551 notes
583 511 706 550 oculis
725 542 736 563 ‚
768 510 933 562 angulus
966 512 1091 549 omnis
1124 509 1258 550 abest.

183 572 284 611 Tum
304 603 314 623 ,
346 583 496 610 memor
528 571 684 622 imperii
716 576 862 609 sortem
895 570 1110 609 consistere
1142 570 1183 607 in
1213 567 1304 618 illo,

98 639 165 671 380
246 630 460 670 Consilium
492 629 636 668 multae
669 628 889 667 calliditatis
922 629 1017 667 init.

185 689 302 729 Plura
332 688 442 728 iubet
473 689 558 726 fieri
590 686 708 726 simili
740 687 885 726 caelata
917 687 1065 738 figura,

247 747 370 786 Error
401 752 445 786 ut
477 752 565 785 ante
598 746 732 785 oculos
764 746 984 784 insidiantis
1017 751 1101 784 eat.

186 807 429 857 Mamurius,
460 817 614 843 morum
647 804 830 843 fabraene
862 805 1033 843 exactior
1066 804 1183 854 artis,

245 863 408 903 Difficile
442 869 501 902 est
531 862 626 901 illud
659 863 820 914 dicere,
853 862 993 901 clausit
1024 873 1146 913 opus.

100 932 166 964 385
188 923 260 963 Cui
290 923 416 962 Numa
447 921 656 960 munificus
689 918 803 960 ‘facti
835 927 924 972 pete
956 921 1128 971 praemia
1146 916 1178 972 ,³
1211 919 1309 957 dixit

247 979 311 1020 ‘Si
342 993 428 1020 mea
459 986 550 1019 nota
582 979 708 1032 fides,
740 981 856 1018 inrita
889 979 993 1018 nulla
1024 974 1182 1029 petes.'

187 1041 267 1080 Iam
299 1039 460 1079 dederat
493 1038 606 1078 Saliis
637 1050 658 1077 a
690 1037 790 1077 saltu
823 1039 980 1076 nomina
1012 1037 1115 1076 dicta

248 1099 442 1149 Armaque
476 1103 515 1136 et
545 1097 592 1135 ad
624 1102 754 1136 certos
786 1096 903 1135 verba
935 1095 1109 1135 canenda
1140 1094 1299 1134 modos.

189 1158 289 1197 Tum
322 1158 377 1195 sic
408 1156 646 1195 Mamurius:
692 1152 867 1194 emerces
899 1154 994 1194 mihi
1026 1154 1148 1206 gloria
1180 1153 1319 1203 detur,

103 1225 171 1257 390
250 1216 493 1266 Nominaque
526 1219 700 1253 extremo
733 1215 905 1252 carmine
938 1218 1072 1252 nostra
1104 1208 1291 1251 sonent.'

190 1275 284 1314 Inde
317 1273 541 1313 sacerdotes
573 1274 684 1323 operi
715 1273 908 1323 promissa
941 1277 1093 1310 vetusto

249 1333 425 1372 Praemia
456 1331 713 1383 persolvunt,
745 1330 1059 1381 Mamuriumque
1090 1334 1252 1368 vocant.

191 1391 348 1431 Nubere
381 1392 492 1442 siqua
524 1389 658 1441 voles,
691 1390 866 1440 quamvis
898 1387 1161 1440 properabitis
1194 1386 1330 1438 ambo,

250 1450 400 1502 Differ3
430 1449 576 1488 habent
606 1459 746 1500 parvae
779 1447 982 1487 commoda
1014 1458 1152 1498 magna
1184 1458 1337 1484 morae.

105 1517 171 1549 395
192 1509 309 1547 Arma
341 1513 497 1547 movent
528 1519 679 1559 pugnas
698 1538 708 1558 ‚
740 1519 871 1557 pugna
903 1512 963 1545 est
994 1505 1118 1544 aliena
1149 1506 1324 1556 maritis;

251 1566 415 1606 Condita
446 1578 535 1605 cum
567 1566 744 1617 fuerint,
776 1566 904 1616 aptius
936 1576 1051 1603 omen
1083 1565 1181 1603 erit.

193 1625 262 1664 His
295 1627 411 1664 etiam
444 1626 615 1664 coniunx
646 1625 787 1675 apicati
819 1625 946 1662 cincta
977 1622 1095 1662 Dialis

253 1683 424 1723 Lucibus
456 1685 616 1735 inpexas
649 1682 765 1721 debet
796 1681 940 1721 habere
973 1693 1126 1720 comas.

461 1774 499 1816 2.
531 1772 610 1815 EF
671 1774 709 1815 3.
741 1772 816 1815 FO
877 1774 918 1815 4.
950 1771 1028 1815 GC

193 1860 325 1899 Tertia
356 1871 433 1898 nox
465 1859 640 1898 dimensa
671 1870 763 1897 suos
796 1856 864 1897 ubi
896 1858 1062 1896 moverit
1093 1857 1228 1909 ignes,

108 1927 174 1958 400
254 1918 442 1957 Conditus
475 1930 495 1956 e
527 1918 692 1969 geminis
723 1915 902 1955 Piscibus
935 1915 1033 1954 alter
1065 1916 1161 1954 erit.

194 1976 292 2015 Nam
324 1976 401 2014 duo
433 1982 552 2028 sunt3
587 1976 731 2014 austris
764 1974 828 2013 hic
860 1980 949 2026 est,
980 1972 1230 2024 aquilonibus
1262 1972 1325 2011 ille

254 2034 488 2073 Proximus.
545 2045 566 2072 a
596 2038 712 2072 vento
744 2044 887 2072 nomen
919 2037 1088 2083 uterque
1120 2036 1252 2070 tenet.

670 2123 708 2166 5.
739 2122 824 2166 HC

198 2209 296 2249 Cum
329 2210 479 2249 croceis
511 2220 646 2248 rorare
679 2209 790 2259 genis
821 2206 1004 2246 Tithonia
1037 2206 1207 2245 coniunx

256 2268 439 2320 Coeperit
470 2273 509 2307 et
541 2269 699 2319 quintae
732 2272 907 2318 tempora
939 2265 1039 2304 lucis
1071 2270 1183 2316 aget,

109 2334 176 2366 405
198 2326 287 2365 Sive
318 2333 380 2366 est
409 2326 698 2378 Arctophylax,
731 2326 810 2364 sive
844 2330 904 2364 est
934 2325 1045 2376 piger
1076 2323 1141 2362 ille
1174 2322 1340 2373 Bootes,
