1570 2527
530 100 572 133 V.
599 108 643 133 VI
663 102 793 133 1—vn
814 102 866 133 22.
1313 99 1366 141 91

142 208 220 247 Isto
239 238 250 260 ,
283 207 387 259 quod
419 209 520 247 reris
539 239 550 260 ,
582 208 769 259 grandius
802 208 896 248 illud
930 210 1027 248 erit.

143 266 266 312 Quam
298 266 418 305 multa
451 266 626 305 madidae
660 267 910 306 celebrantur
943 267 1132 306 arundine
1165 268 1316 321 fossae,

143 324 298 364 Florida
331 337 447 376 quam
472 325 614 364 multas
647 325 770 377 Hybla
802 332 937 365 tuetur
969 339 1084 378 apes,

142 383 266 428 Quam
300 383 442 422 multae
474 384 609 435 gracili
641 390 798 423 terrena
831 384 902 423 sub
935 384 1076 424 horrea
1108 385 1213 424 ferre

78 450 122 482 40
142 441 283 481 Limite
316 443 502 481 formicae
535 455 655 493 grana
687 449 843 494 reperta
876 443 1025 495 solent,

142 501 237 540 Tam
269 513 332 540 me
364 503 622 541 circumstant
653 501 866 540 densorum
899 502 1013 540 turba
1045 502 1258 542 malorum.

143 559 267 598 Crede
301 559 424 612 mihi,
457 572 548 599 vero
582 565 642 599 est
673 567 807 600 nostra
840 560 1012 611 querella
1044 562 1195 600 minor.

141 617 211 657 His
244 620 311 669 qui
343 624 554 658 contentus
585 631 665 658 non
698 625 786 671 est,
818 621 858 658 in
891 619 982 658 litus
1006 620 1195 673 harenas,

141 676 185 715 ln
217 683 392 727 segetem
424 679 551 728 spicas
570 708 581 729 ,
613 679 653 716 in
686 690 792 716 mare
825 678 963 716 fundat
995 690 1136 729 aquas.

77 743 120 774 45
142 734 440 786 Intempestivos
471 737 592 786 igitur
625 748 830 787 compesce
864 742 1062 788 tumores,

140 792 231 832 Vela
263 805 391 845 neque
422 795 463 832 in
494 794 624 832 medio
657 794 796 833 desere
828 801 963 833 nostra
994 794 1115 834 mari!

642 923 745 970 VII.

141 1029 265 1075 Quam
296 1029 422 1082 legis,
456 1041 503 1068 ex
535 1029 598 1068 illa
631 1028 701 1068 tibi
733 1030 839 1068 venit
871 1027 1041 1080 epistula
1066 1035 1197 1080 terra,

139 1087 258 1127 Latus
290 1088 358 1127 uhi
390 1090 596 1139 aequoreis
630 1087 785 1126 additur
816 1087 950 1126 Hister
982 1089 1117 1138 aquis.

141 1146 182 1185 Si
213 1146 286 1185 tibi
318 1148 510 1198 contingit
542 1159 631 1185 cum
664 1146 769 1185 dulci
801 1148 877 1185 vita
911 1146 1059 1199 salute,

140 1205 310 1244 Candida
343 1206 523 1244 fortunae
555 1217 646 1257 pars
678 1211 810 1244 manet
841 1217 918 1243 una
950 1217 1082 1244 meae.

99 1272 118 1304 5
141 1263 322 1317 Scilicet,
355 1270 399 1302 ut
425 1276 603 1315 semper,
638 1263 731 1315 quid
759 1276 892 1315 agam,
927 1265 1152 1316 carissime,
1185 1264 1366 1315 quaeris,

140 1322 324 1368 Quamvis
356 1323 430 1361 hoc
463 1323 524 1361 vel
555 1334 618 1361 me
652 1324 753 1361 scire
786 1328 940 1361 tacente
973 1328 1110 1373 potes:

140 1381 235 1420 Sum
266 1383 416 1433 miser3
448 1381 545 1420 haec
577 1380 706 1419 brevis
746 1387 806 1420 est
837 1386 1064 1419 nostrorum
1103 1392 1253 1419 summa

870 1438 1085 1492 malorum,

140 1499 328 1549 Quisquis
361 1504 400 1537 et
432 1499 580 1537 offenso
614 1497 779 1536 Caesare
812 1498 933 1548 vivit,
965 1499 1063 1536 erit.

139 1557 272 1596 Turba
303 1557 532 1596 Tomitanae
566 1569 665 1607 quae
699 1558 749 1595 sit
781 1558 952 1607 regionis
986 1562 1024 1595 et
1055 1557 1159 1595 inter

77 1624 118 1654 10
140 1616 247 1662 Quos
279 1616 452 1654 habitem
483 1627 642 1666 mores,
676 1615 828 1654 discere
862 1627 956 1654 cura
988 1614 1060 1653 tibi
1092 1613 1188 1654 est?

138 1675 257 1713 Mixta
289 1676 340 1713 sit
377 1675 473 1713 haec
512 1675 688 1725 quamvis
725 1675 830 1712 inter
863 1674 1112 1724 Graecosque
1145 1673 1365 1727 Getasque,

139 1735 169 1772 A
201 1733 300 1771 male
332 1735 480 1784 pacatis
511 1732 600 1784 plus
632 1732 751 1771 trahit
783 1744 851 1770 ora
883 1732 1015 1771 Getis.

140 1792 376 1830 Sarmaticae
409 1793 533 1830 maior
566 1790 802 1841 Geticaeque
834 1791 1056 1842 frequentia
1087 1793 1216 1841 gentis

139 1850 214 1889 Per
245 1850 393 1889 medias
424 1852 465 1889 in
498 1851 609 1901 equis
641 1851 749 1900 itque
782 1850 962 1900 reditque
995 1851 1097 1888 viaS.

77 1908 182 1947 1511]
216 1909 359 1959 quibus
392 1915 452 1947 est
483 1920 628 1960 neme,
662 1909 740 1959 qui-
761 1920 840 1947 non
873 1913 1035 1959 coryton
1068 1913 1107 1946 et
1139 1920 1276 1947 arcum

139 1967 310 2018 Telaque
342 1969 499 2018 vipereo
531 1967 658 2005 lurida
690 1966 779 2005 felle
811 1973 942 2017 gerat.

139 2025 222 2064 Vox
254 2026 335 2064 fera
354 2057 364 2077 ,
396 2033 488 2065 trux
519 2026 649 2064 vultus
669 2057 679 2077 ,
712 2027 914 2064 verissima
945 2024 1080 2063 Martis
1111 2026 1262 2077 imag03

136 2085 224 2123 Non
256 2097 365 2123 coma
384 2116 394 2136 ‚
427 2096 505 2123 non
539 2084 615 2123 ulla
645 2084 765 2123 barba
797 2089 949 2122 resecta
980 2095 1121 2135 manu,

142 2143 308 2182 Dextera
340 2155 418 2182 non
452 2144 582 2194 segnis
614 2144 689 2181 fixo
723 2143 814 2181 dare
849 2141 1008 2180 vulnera
1041 2141 1192 2194 cultro,

75 2209 118 2240 20
141 2201 265 2247 Quem
296 2204 475 2241 iunctum
506 2202 619 2241 lateri
649 2201 841 2240 barbarus
874 2202 1000 2239 omnis
1031 2200 1171 2240 habet.

138 2260 240 2299 Vivit
270 2261 311 2298 in
342 2260 403 2299 his
435 2260 543 2299 heu!
576 2272 682 2299 nunc
701 2291 712 2311 ,
743 2259 922 2298 lusorum
954 2258 1098 2298 oblitus
1130 2251 1352 2313 amorum,'

141 2318 221 2357 Hos
253 2319 387 2372 videt,
418 2319 490 2358 hos
522 2325 629 2358 vates
662 2317 798 2370 audit,
831 2319 982 2370 amice,
1014 2317 1129 2357 tuus!
