1570 2527
600 144 640 176 v.
668 145 863 177 657-722.
1315 141 1393 182 331

181 251 285 290 Talia
317 251 536 290 Mercurius
568 259 776 303 poscentes
809 251 910 290 ridet
942 251 988 290 ab
1021 251 1119 304 alto,

239 309 289 348 Se
321 322 470 349 memor
503 310 682 362 Ortygias
714 312 954 361 surripuisse
987 309 1128 348 boves.

637 420 703 460 20.
736 418 816 461 DC

179 515 227 552 At
259 514 351 553 mihi
383 515 506 566 pande
526 547 536 566 ,
569 527 738 567 precor,
771 520 877 553 tanto
911 514 1070 552 meliora
1103 516 1273 566 petenti,

237 572 279 611 In
313 573 496 612 Geminos
529 586 574 612 ex
609 585 684 624 quo
718 579 893 624 tempore
926 572 1106 611 Phoebus
1140 578 1223 611 eat.

92 639 158 670 695
181 628 300 669 ‘Cum
333 632 495 670 totidem
529 631 575 670 de
608 644 741 670 mense
775 632 857 670 dies
890 643 1097 682 superesse
1130 630 1302 682 videbis,

238 689 341 735 Quot
374 697 464 729 sunt
496 689 680 729 Herculei
712 692 811 729 facta
843 686 1007 728 laboris'
1041 691 1113 728 ait.

179 744 289 786 eDic'
322 761 392 799 ego
426 749 610 800 respondi
643 746 820 787 ecausam
853 748 949 787 mihi
981 748 1119 786 sideris
1151 744 1313 786 huius.'

236 806 400 845 Causam
432 807 599 846 facundo
632 808 801 846 reddidit
833 819 899 845 ore
933 807 1055 845 deus:

178 861 451 904 ‘Abstulerant
482 872 612 916 raptas
642 865 828 904 Phoeben
860 865 1116 916 Phoebesque
1150 877 1326 904 sororem

91 931 157 962 700
236 923 478 974 Tyndaridae
512 924 653 962 fratres
672 955 682 975 ,
714 924 777 962 hic
810 936 960 976 eques,
992 923 1055 961 ille
1089 923 1218 974 pugil.

176 981 280 1020 Bella
312 989 478 1033 parant,
510 987 772 1033 repetuntque
805 994 895 1020 suas
928 987 967 1020 et
998 982 1118 1020 frater
1150 988 1189 1020 et
1220 981 1330 1033 Idas,

235 1039 433 1091 Leucippo
466 1041 551 1079 fieri
583 1047 720 1092 pactus
753 1046 919 1091 uterque
953 1052 1094 1091 gener.

177 1094 244 1136 His
277 1110 415 1151 amor,
446 1105 490 1138 ut
522 1105 729 1151 repetant,
761 1099 836 1137 illis
855 1131 865 1151 ‚
898 1104 942 1138 ut
973 1098 1138 1137 reddere
1172 1098 1319 1149 nolint,

237 1156 411 1209 Suadet3
444 1163 483 1195 et
514 1169 560 1196 ex
593 1169 708 1196 causa
740 1164 886 1208 pugnat
918 1163 1085 1208 uterque
1118 1158 1223 1208 pari.

89 1223 156 1253 705
176 1213 358 1266 Effugere
391 1215 598 1254 Oebalidae
631 1228 750 1254 cursu
782 1222 946 1267 potuere
979 1222 1212 1268 sequentes,

237 1273 312 1312 Sed
346 1276 471 1313 visum
506 1275 623 1313 celeri
654 1275 811 1312 vincere
844 1281 958 1325 turpe
992 1275 1104 1324 suga.

174 1330 292 1371 Liber
324 1332 371 1371 ab
404 1332 610 1371 arboribus
641 1332 751 1371 locus
783 1338 871 1385 est,
903 1339 991 1383 apta
1023 1344 1111 1371 area
1142 1345 1318 1383 pugnae:

235 1391 500 1430 Constiterant
531 1391 609 1430 illic
629 1422 637 1430 .
694 1403 836 1430 nomen
868 1391 1044 1442 Aphidna
1076 1390 1185 1430 loco.

176 1449 341 1488 Pectora
373 1451 562 1489 traiectus
594 1449 748 1501 Lynceo
782 1449 919 1488 Castor
952 1449 998 1488 ab
1031 1461 1124 1487 ense

90 1516 156 1547 710
236 1507 321 1546 Non
355 1513 559 1559 expectato
592 1508 751 1547 volnere
783 1510 929 1559 pressit
959 1508 1145 1546 humum.

177 1566 287 1605 Ultor
320 1567 430 1605 adest
461 1567 597 1605 Pollux
616 1599 626 1618 ,
660 1573 699 1605 et
730 1566 882 1618 Lyncea
914 1567 1089 1618 perforat
1120 1565 1228 1605 hasta

235 1625 318 1671 Qua
352 1627 482 1664 cervix
515 1637 673 1664 umeros
706 1627 930 1664 continuata
962 1626 1127 1676 premit.

177 1683 260 1722 lbat
291 1685 330 1722 in
364 1684 467 1723 hunc
500 1684 615 1736 Idas,
647 1685 789 1735 vixque
823 1691 883 1722 est
913 1683 1013 1722 Iovis
1046 1685 1135 1734 igne
1169 1683 1374 1735 repulsus3

235 1741 328 1780 Tela
360 1748 490 1781 tamen
523 1743 681 1781 dextrae
715 1743 876 1781 fulmine
910 1749 1019 1793 rapta
1051 1747 1217 1793 negant.

89 1808 155 1839 715
178 1801 334 1852 lamque
368 1801 468 1852 tibi,
500 1801 636 1840 Pollux
656 1832 666 1852 ,
700 1801 849 1840 caelum
882 1801 1048 1840 sublime
1081 1800 1259 1852 patebat,

234 1859 331 1898 Cum
365 1856 522 1898 “mea''
556 1860 688 1898 dixisti
721 1857 911 1911 “percipe
944 1859 1061 1898 verba
1081 1891 1090 1907 ,
1124 1859 1256 1910 pater!

177 1918 287 1962 Quod
322 1918 415 1956 mihi
449 1919 515 1957 das
548 1920 617 1957 uni
650 1918 799 1957 caelum
819 1951 829 1971 ,
861 1920 1007 1970 partire
1041 1918 1218 1957 duobus:

236 1975 444 2014 Dimidium
476 1982 558 2014 toto
591 1989 754 2015 munere
787 1979 912 2015 maius
946 1973 1080 2015 erit.''

176 2033 279 2072 Dixit
310 2040 349 2072 et
380 2035 526 2073 alterna
559 2034 723 2073 fratrem
755 2037 921 2073 statione
954 2035 1142 2074 redemit.

87 2100 155 2130 720
235 2091 335 2131 Utile
369 2092 557 2131 sollicitae
591 2093 698 2132 sidus
731 2099 944 2144 utrumque
978 2091 1097 2132 rati.'

504 2202 570 2243 21.
601 2201 638 2243 Ε
666 2200 934 2243 AGON-w

177 2296 231 2335 Ad
264 2296 399 2335 Ianum
431 2297 595 2350 redeat,
628 2300 695 2348 qui
728 2299 910 2349 quaerit,
942 2299 1088 2349 Agonia
1121 2299 1214 2350 quid
1247 2300 1349 2338 sint:

235 2354 342 2400 Quae
375 2361 503 2394 tamen
535 2358 576 2394 in
610 2357 718 2395 fastis
750 2356 824 2395 hoc
851 2369 1006 2408 quoque
1040 2363 1195 2409 tempus
1228 2357 1394 2396 habent.
