1570 2527
651 142 678 175 1.
706 142 869 174 664—11.
890 143 922 174 4.
1369 139 1459 182 233

233 249 365 288 Gratia
396 249 456 288 dis
489 249 701 300 domuique
734 255 823 288 tuae
842 281 853 302 ,
885 249 1045 300 religata
1078 250 1226 288 catenis

292 307 525 359 Iampridem
557 313 687 347 vestro
721 308 793 347 sub
826 307 925 359 pede
957 307 1056 347 bella
1088 309 1238 348 iacent.

234 365 315 404 Sub
348 367 436 417 iuga
468 366 539 405 hos
572 368 728 417 veniat,
762 366 834 405 sub
867 372 992 405 terras
1026 378 1159 405 semen
1192 371 1341 406 aratas.

290 424 368 463 Pax
401 425 583 464 Cererem
617 426 772 476 nutrit,
804 426 911 476 pacis
943 424 1097 463 alumna
1131 424 1272 464 Ceres.

456 516 524 558 27.
558 514 631 558 CO
692 515 761 558 28.
793 514 874 558 DO
936 516 1002 557 29.
1035 514 1114 558 EC

149 607 215 638 705
236 600 284 638 At
316 611 414 651 quae
447 606 632 639 venturas
663 599 874 651 praecedet
905 605 1012 639 sexta
1046 600 1259 652 Kalendas,

293 657 373 697 Hac
406 664 497 697 sunt
530 658 691 697 Ledaeis
724 659 867 710 templa
900 658 1025 698 dicata
1057 658 1162 698 deis.

233 715 438 756 Fratribus
469 717 532 756 illa
564 718 647 756 deis
680 718 822 756 fratres
855 717 901 756 de
935 723 1050 768 gente
1082 717 1246 756 deorum

292 774 403 814 Circa
434 775 620 815 Iuturnae
654 787 911 827 composuere
944 775 1075 815 lacus.

560 866 627 908 30.
659 865 761 908 ΡΝ)
830 866 897 908 31.
931 865 1009 908 GC

233 949 366 1001 Ipsum
400 961 473 990 nos
504 962 661 989 carmen
695 950 856 989 deduxit
887 950 999 989 Pacis
1032 950 1077 989 ad
1111 962 1238 989 aram.

145 1016 214 1048 '110
293 1007 397 1048 Haec
431 1010 506 1048 erit
537 1021 558 1048 a
589 1011 735 1048 mensis
767 1009 842 1048 fine
876 1008 1047 1048 secunda
1080 1009 1185 1048 dies.

233 1065 455 1107 Frondibus
487 1068 655 1106 Actiacis
688 1072 865 1119 comptos
897 1068 1076 1107 redimita
1110 1066 1269 1119 capillos

293 1125 372 1164 Pax
404 1126 526 1178 ades,
558 1131 596 1165 et
627 1132 709 1165 toto
743 1127 847 1165 mitis
878 1127 918 1165 in
951 1125 1046 1165 orbe
1079 1137 1214 1164 mane.

233 1183 333 1223 Dum
366 1184 496 1223 desint
526 1184 659 1223 hostes
679 1216 689 1236 ‚
722 1184 824 1223 desit
856 1197 1011 1236 quoque
1045 1197 1161 1223 causa
1193 1183 1407 1236 triumphi:

292 1243 351 1282 Tu
384 1242 552 1282 ducibus
584 1242 684 1282 hello
717 1243 838 1293 gloria
870 1245 994 1282 maior
1027 1244 1127 1282 eris.

147 1308 214 1340 715
237 1300 325 1340 Sola
357 1307 468 1353 gerat
498 1301 610 1340 miles
643 1302 786 1353 quibus
819 1313 924 1340 arma
957 1308 1136 1340 coerceat
1155 1333 1166 1353 ‚
1198 1313 1325 1353 arma,

294 1359 561 1411 Canteturque
593 1361 675 1399 fera
707 1360 761 1399 nil
794 1361 870 1399 nisi
900 1372 1041 1411 pompa
1073 1359 1191 1398 tuba.

235 1417 403 1458 Horreat
434 1418 635 1457 Aeneadas
668 1424 706 1457 et
737 1419 889 1470 primus
921 1424 960 1457 et
991 1417 1153 1457 ultimus
1185 1417 1316 1457 orbis:

295 1476 415 1528 Siqua
446 1489 585 1528 parum
617 1477 778 1516 Romam
812 1482 916 1516 terra
948 1476 1138 1529 timebat,
1172 1482 1296 1515 amet.

237 1534 341 1574 Tura
360 1567 371 1587 ‚
403 1535 627 1574 sacerdotes
646 1567 657 1586 ,
689 1535 893 1575 Pacalibus
925 1535 1053 1574 addite
1085 1535 1274 1587 flammis,

150 1602 218 1634 720
298 1593 470 1645 Albaque
502 1595 661 1645 perfusa
693 1595 848 1633 victima
880 1594 1010 1633 fronte
1042 1594 1174 1633 cadat.

239 1651 368 1704 thue
401 1652 569 1705 domus,
602 1664 700 1703 quae
732 1658 905 1704 praestat
936 1664 1049 1704 eam,
1082 1664 1172 1691 cum
1204 1664 1298 1704 pace

964 1717 1178 1762 perennet,

294 1769 351 1808 Ad
383 1770 446 1820 pia
477 1781 694 1821 propensos
727 1775 813 1808 vota
844 1775 977 1820 rogate
1011 1769 1127 1809 deos.

237 1826 314 1866 Sed
345 1829 421 1866 iam
453 1829 578 1880 prima
611 1829 687 1867 mei
719 1840 809 1879 pars
841 1832 903 1867 est
934 1833 1068 1867 exacta
1098 1827 1267 1879 laboris,

296 1885 472 1938 Cumque
505 1898 576 1926 suo
608 1886 726 1925 finem
758 1898 893 1925 mense
925 1886 1080 1925 libellus
1113 1886 1251 1925 hahet.

514 2056 699 2110 LIBER
737 2055 1071 2111 SECUNDUS.
1401 2139 1429 2172 (3
1450 2140 1460 2172 >

236 2177 353 2218 Ianus
384 2178 504 2218 habet
534 2179 680 2218 finem.
737 2189 826 2217 cum
859 2178 1033 2217 carmine
1065 2178 1208 2218 crescit
1240 2184 1279 2217 et
1310 2189 1459 2218 annus:

297 2237 404 2276 Alter
436 2243 481 2277 ut
511 2237 575 2276 hic
606 2238 782 2288 mensis,
815 2237 871 2275 sic
902 2235 1001 2275 liber
1033 2236 1130 2276 alter
1162 2242 1247 2275 eat.

238 2295 351 2335 Nunc
382 2297 552 2347 primum
584 2295 680 2335 velis
699 2327 709 2347 ‚
743 2295 871 2347 elegi,
902 2294 1116 2334 maioribus
1147 2297 1234 2334 itis:

297 2354 490 2406 Exiguum
510 2386 521 2406 ,
552 2355 742 2406 memini,
775 2365 901 2405 nuper
934 2355 1050 2393 eratis
1084 2366 1204 2406 opus,
