<?xml version="1.0" encoding="UTF-8"?>
<!DOCTYPE html PUBLIC "-//W3C//DTD XHTML 1.0 Transitional//EN"
    "http://www.w3.org/TR/xhtml1/DTD/xhtml1-transitional.dtd">
<html xmlns="http://www.w3.org/1999/xhtml" xml:lang="en" lang="en">
 <head>
  <title>
</title>
<meta http-equiv="Content-Type" content="text/html;charset=utf-8" />
  <meta name='ocr-system' content='tesseract 3.04.00' />
  <meta name='ocr-capabilities' content='ocr_page ocr_carea ocr_par ocr_line ocrx_word'/>
</head>
<body>
  <div class='ocr_page' id='page_1' title='image "./ovidopera03oviduoft_0058.png"; bbox 0 0 1570 2527; ppageno 0'>
   <div class='ocr_carea' id='block_1_1' title="bbox 690 108 917 140">
    <p class='ocr_par' dir='ltr' id='par_1_1' title="bbox 690 108 917 140">
     <span class='ocr_line' id='line_1_1' title="bbox 690 108 917 140; baseline -0.004 0"><span class='ocrx_word' id='word_1_1' title='bbox 690 108 917 140; x_wconf 80' lang='lat' dir='ltr'><strong>TRISTIUM</strong></span> 
     </span>
    </p>
   </div>
   <div class='ocr_carea' id='block_1_2' title="bbox 162 215 1473 1787">
    <p class='ocr_par' dir='ltr' id='par_1_2' title="bbox 249 215 1256 384">
     <span class='ocr_line' id='line_1_2' title="bbox 249 215 1232 267; baseline 0 -13"><span class='ocrx_word' id='word_1_2' title='bbox 249 215 346 254; x_wconf 90' lang='lat' dir='ltr'>Nam</span> <span class='ocrx_word' id='word_1_3' title='bbox 378 227 467 267; x_wconf 88' lang='lat' dir='ltr'>spes</span> <span class='ocrx_word' id='word_1_4' title='bbox 500 220 561 254; x_wconf 88' lang='lat' dir='ltr'>est</span> <span class='ocrx_word' id='word_1_5' title='bbox 592 216 712 254; x_wconf 79' lang='lat' dir='ltr'>animi</span> <span class='ocrx_word' id='word_1_6' title='bbox 743 221 879 254; x_wconf 88' lang='lat' dir='ltr'>nostra</span> <span class='ocrx_word' id='word_1_7' title='bbox 910 216 1050 254; x_wconf 88' lang='lat' dir='ltr'>timore</span> <span class='ocrx_word' id='word_1_8' title='bbox 1083 217 1232 255; x_wconf 88' lang='lat' dir='ltr'>minor.</span> 
     </span>
     <span class='ocr_line' id='line_1_3' title="bbox 251 273 1256 325; baseline 0 -12"><span class='ocrx_word' id='word_1_9' title='bbox 251 274 438 325; x_wconf 82' lang='lat' dir='ltr'>Quaeque</span> <span class='ocrx_word' id='word_1_10' title='bbox 470 273 725 325; x_wconf 82' lang='lat' dir='ltr'>quiescebat,</span> <span class='ocrx_word' id='word_1_11' title='bbox 759 286 808 312; x_wconf 91' lang='lat' dir='ltr'>ne</span> <span class='ocrx_word' id='word_1_12' title='bbox 840 279 946 312; x_wconf 87' lang='lat' dir='ltr'>mota</span> <span class='ocrx_word' id='word_1_13' title='bbox 976 275 1167 313; x_wconf 79' lang='lat' dir='ltr'><strong>resaeviat</strong></span> <span class='ocrx_word' id='word_1_14' title='bbox 1198 276 1256 313; x_wconf 90' lang='lat' dir='ltr'>ira</span> 
     </span>
     <span class='ocr_line' id='line_1_4' title="bbox 250 331 1118 384; baseline -0.001 -12"><span class='ocrx_word' id='word_1_15' title='bbox 250 332 300 372; x_wconf 88' lang='lat' dir='ltr'>Et</span> <span class='ocrx_word' id='word_1_16' title='bbox 330 344 478 384; x_wconf 92' lang='lat' dir='ltr'>poenae</span> <span class='ocrx_word' id='word_1_17' title='bbox 510 338 554 370; x_wconf 88' lang='lat' dir='ltr'>tu</span> <span class='ocrx_word' id='word_1_18' title='bbox 587 333 640 370; x_wconf 89' lang='lat' dir='ltr'>sis</span> <span class='ocrx_word' id='word_1_19' title='bbox 672 331 792 371; x_wconf 84' lang='lat' dir='ltr'>altera</span> <span class='ocrx_word' id='word_1_20' title='bbox 825 344 941 371; x_wconf 90' lang='lat' dir='ltr'>causa</span> <span class='ocrx_word' id='word_1_21' title='bbox 960 363 970 383; x_wconf 92' lang='lat'>,</span> <span class='ocrx_word' id='word_1_22' title='bbox 1003 331 1118 371; x_wconf 83' lang='lat' dir='ltr'>cave!</span> 
     </span>
    </p>

    <p class='ocr_par' dir='ltr' id='par_1_3' title="bbox 164 390 1423 560">
     <span class='ocr_line' id='line_1_5' title="bbox 164 390 1423 444; baseline 0.001 -14"><span class='ocrx_word' id='word_1_23' title='bbox 164 400 228 432; x_wconf 85' lang='lat'>105</span> <span class='ocrx_word' id='word_1_24' title='bbox 251 391 348 430; x_wconf 89' lang='lat' dir='ltr'>Cum</span> <span class='ocrx_word' id='word_1_25' title='bbox 380 398 510 429; x_wconf 85' lang='lat' dir='ltr'>tamen</span> <span class='ocrx_word' id='word_1_26' title='bbox 541 391 581 428; x_wconf 90' lang='lat' dir='ltr'>in</span> <span class='ocrx_word' id='word_1_27' title='bbox 613 396 793 430; x_wconf 89' lang='lat' dir='ltr'>nostrum</span> <span class='ocrx_word' id='word_1_28' title='bbox 824 391 947 429; x_wconf 85' lang='lat' dir='ltr'>fueris</span> <span class='ocrx_word' id='word_1_29' title='bbox 978 390 1179 442; x_wconf 90' lang='lat' dir='ltr'>penetrale</span> <span class='ocrx_word' id='word_1_30' title='bbox 1212 397 1423 444; x_wconf 86' lang='lat' dir='ltr'>receptus,</span> 
     </span>
     <span class='ocr_line' id='line_1_6' title="bbox 251 449 1292 501; baseline 0.001 -13"><span class='ocrx_word' id='word_1_31' title='bbox 251 450 550 500; x_wconf 80' lang='lat' dir='ltr'>Contigerisque</span> <span class='ocrx_word' id='word_1_32' title='bbox 582 454 719 501; x_wconf 84' lang='lat' dir='ltr'>tuam,</span> <span class='ocrx_word' id='word_1_33' title='bbox 752 450 895 488; x_wconf 85' lang='lat' dir='ltr'>scrinia</span> <span class='ocrx_word' id='word_1_34' title='bbox 928 461 1046 487; x_wconf 90' lang='lat' dir='ltr'>curva</span> <span class='ocrx_word' id='word_1_35' title='bbox 1065 479 1076 500; x_wconf 87' lang='lat'>‚</span> <span class='ocrx_word' id='word_1_36' title='bbox 1108 449 1292 489; x_wconf 85' lang='lat' dir='ltr'>domum:</span> 
     </span>
     <span class='ocr_line' id='line_1_7' title="bbox 250 506 1163 560; baseline -0.001 -14"><span class='ocrx_word' id='word_1_37' title='bbox 250 509 425 559; x_wconf 84' lang='lat' dir='ltr'><strong>Aspicies</strong></span> <span class='ocrx_word' id='word_1_38' title='bbox 457 506 536 545; x_wconf 86' lang='lat' dir='ltr'>illic</span> <span class='ocrx_word' id='word_1_39' title='bbox 566 509 716 558; x_wconf 88' lang='lat' dir='ltr'>positos</span> <span class='ocrx_word' id='word_1_40' title='bbox 748 519 796 546; x_wconf 85' lang='lat' dir='ltr'>ex</span> <span class='ocrx_word' id='word_1_41' title='bbox 828 507 964 545; x_wconf 81' lang='lat' dir='ltr'>ordine</span> <span class='ocrx_word' id='word_1_42' title='bbox 997 507 1163 560; x_wconf 83' lang='lat' dir='ltr'>fratres,</span> 
     </span>
    </p>

    <p class='ocr_par' dir='ltr' id='par_1_4' title="bbox 250 565 1287 675">
     <span class='ocr_line' id='line_1_8' title="bbox 250 565 1143 615; baseline -0.001 -10"><span class='ocrx_word' id='word_1_43' title='bbox 250 566 357 611; x_wconf 87' lang='lat' dir='ltr'>Quos</span> <span class='ocrx_word' id='word_1_44' title='bbox 391 565 564 604; x_wconf 86' lang='lat' dir='ltr'>studium</span> <span class='ocrx_word' id='word_1_45' title='bbox 596 571 759 604; x_wconf 85' lang='lat' dir='ltr'>cunctos</span> <span class='ocrx_word' id='word_1_46' title='bbox 793 565 986 615; x_wconf 84' lang='lat' dir='ltr'>evigilavit</span> <span class='ocrx_word' id='word_1_47' title='bbox 1016 565 1143 604; x_wconf 91' lang='lat' dir='ltr'>idem.</span> 
     </span>
     <span class='ocr_line' id='line_1_9' title="bbox 251 622 1287 675; baseline 0 -12"><span class='ocrx_word' id='word_1_48' title='bbox 251 625 389 663; x_wconf 85' lang='lat' dir='ltr'>Cetera</span> <span class='ocrx_word' id='word_1_49' title='bbox 420 623 534 662; x_wconf 88' lang='lat' dir='ltr'>turba</span> <span class='ocrx_word' id='word_1_50' title='bbox 567 624 693 674; x_wconf 90' lang='lat' dir='ltr'>palam</span> <span class='ocrx_word' id='word_1_51' title='bbox 724 623 861 662; x_wconf 85' lang='lat' dir='ltr'>titulos</span> <span class='ocrx_word' id='word_1_52' title='bbox 893 622 1074 662; x_wconf 82' lang='lat' dir='ltr'>ostendet</span> <span class='ocrx_word' id='word_1_53' title='bbox 1105 628 1287 675; x_wconf 84' lang='lat' dir='ltr'>apertos,</span> 
     </span>
    </p>

    <p class='ocr_par' dir='ltr' id='par_1_5' title="bbox 166 682 1103 732">
     <span class='ocr_line' id='line_1_10' title="bbox 166 682 1103 732; baseline -0.001 -11"><span class='ocrx_word' id='word_1_54' title='bbox 166 692 232 722; x_wconf 91' lang='lat'>110</span> <span class='ocrx_word' id='word_1_55' title='bbox 253 683 302 721; x_wconf 88' lang='lat' dir='ltr'>Et</span> <span class='ocrx_word' id='word_1_56' title='bbox 334 694 403 721; x_wconf 89' lang='lat' dir='ltr'>sua</span> <span class='ocrx_word' id='word_1_57' title='bbox 435 682 589 721; x_wconf 87' lang='lat' dir='ltr'>detecta</span> <span class='ocrx_word' id='word_1_58' title='bbox 621 684 778 721; x_wconf 88' lang='lat' dir='ltr'>nomina</span> <span class='ocrx_word' id='word_1_59' title='bbox 809 682 938 720; x_wconf 83' lang='lat' dir='ltr'>fronte</span> <span class='ocrx_word' id='word_1_60' title='bbox 970 688 1103 732; x_wconf 83' lang='lat' dir='ltr'>geret.</span> 
     </span>
    </p>

    <p class='ocr_par' dir='ltr' id='par_1_6' title="bbox 247 740 1418 967">
     <span class='ocr_line' id='line_1_11' title="bbox 249 740 1371 794; baseline 0 -14"><span class='ocrx_word' id='word_1_61' title='bbox 249 742 347 780; x_wconf 92' lang='lat' dir='ltr'>Tres</span> <span class='ocrx_word' id='word_1_62' title='bbox 379 741 518 792; x_wconf 90' lang='lat' dir='ltr'>procul</span> <span class='ocrx_word' id='word_1_63' title='bbox 551 740 718 779; x_wconf 88' lang='lat' dir='ltr'>obscura</span> <span class='ocrx_word' id='word_1_64' title='bbox 749 740 945 779; x_wconf 78' lang='lat' dir='ltr'>latitantes</span> <span class='ocrx_word' id='word_1_65' title='bbox 976 746 1087 791; x_wconf 88' lang='lat' dir='ltr'>parte</span> <span class='ocrx_word' id='word_1_66' title='bbox 1120 740 1294 794; x_wconf 81' lang='lat' dir='ltr'>videbis3</span> <span class='ocrx_word' id='word_1_67' title='bbox 1324 763 1371 769; x_wconf 62' lang='lat'>-›</span> 
     </span>
     <span class='ocr_line' id='line_1_12' title="bbox 250 799 1418 851; baseline 0 -12"><span class='ocrx_word' id='word_1_68' title='bbox 250 799 314 839; x_wconf 83' lang='lat' dir='ltr'>Sic</span> <span class='ocrx_word' id='word_1_69' title='bbox 347 812 503 850; x_wconf 90' lang='lat' dir='ltr'>quoque</span> <span class='ocrx_word' id='word_1_70' title='bbox 522 831 532 851; x_wconf 85' lang='lat'><em>,</em></span> <span class='ocrx_word' id='word_1_71' title='bbox 565 799 670 850; x_wconf 91' lang='lat' dir='ltr'>quod</span> <span class='ocrx_word' id='word_1_72' title='bbox 702 811 815 838; x_wconf 89' lang='lat' dir='ltr'>nemo</span> <span class='ocrx_word' id='word_1_73' title='bbox 848 800 1004 851; x_wconf 81' lang='lat' dir='ltr'>nescit,</span> <span class='ocrx_word' id='word_1_74' title='bbox 1036 810 1166 837; x_wconf 88' lang='lat' dir='ltr'>amare</span> <span class='ocrx_word' id='word_1_75' title='bbox 1199 800 1341 839; x_wconf 88' lang='lat' dir='ltr'>docent</span> <span class='ocrx_word' id='word_1_76' title='bbox 1370 822 1418 827; x_wconf 91' lang='lat'><strong>—</strong></span> 
     </span>
     <span class='ocr_line' id='line_1_13' title="bbox 247 856 1325 910; baseline 0.001 -14"><span class='ocrx_word' id='word_1_77' title='bbox 247 857 328 896; x_wconf 94' lang='lat' dir='ltr'>Hos</span> <span class='ocrx_word' id='word_1_78' title='bbox 360 864 403 896; x_wconf 84' lang='lat' dir='ltr'>tu</span> <span class='ocrx_word' id='word_1_79' title='bbox 435 857 494 896; x_wconf 90' lang='lat' dir='ltr'>vel</span> <span class='ocrx_word' id='word_1_80' title='bbox 526 858 650 908; x_wconf 85' lang='lat' dir='ltr'>fugias</span> <span class='ocrx_word' id='word_1_81' title='bbox 669 889 680 908; x_wconf 89' lang='lat'><em>‚</em></span> <span class='ocrx_word' id='word_1_82' title='bbox 712 857 772 895; x_wconf 89' lang='lat' dir='ltr'>vel</span> <span class='ocrx_word' id='word_1_83' title='bbox 790 889 801 909; x_wconf 76' lang='lat'><em>,</em></span> <span class='ocrx_word' id='word_1_84' title='bbox 833 858 867 896; x_wconf 90' lang='lat' dir='ltr'>si</span> <span class='ocrx_word' id='word_1_85' title='bbox 899 859 991 895; x_wconf 88' lang='lat' dir='ltr'>satis</span> <span class='ocrx_word' id='word_1_86' title='bbox 1024 859 1104 896; x_wconf 91' lang='lat' dir='ltr'>oris</span> <span class='ocrx_word' id='word_1_87' title='bbox 1136 856 1325 910; x_wconf 81' lang='lat' dir='ltr'>habebis,</span> 
     </span>
     <span class='ocr_line' id='line_1_14' title="bbox 250 915 1118 967; baseline -0.001 -12"><span class='ocrx_word' id='word_1_88' title='bbox 250 916 469 967; x_wconf 82' lang='lat' dir='ltr'>Oedipodas</span> <span class='ocrx_word' id='word_1_89' title='bbox 500 917 617 955; x_wconf 81' lang='lat' dir='ltr'>facito</span> <span class='ocrx_word' id='word_1_90' title='bbox 649 915 946 967; x_wconf 84' lang='lat' dir='ltr'>Telegonosque</span> <span class='ocrx_word' id='word_1_91' title='bbox 978 928 1118 954; x_wconf 79' lang='lat' dir='ltr'>voces,</span> 
     </span>
    </p>

    <p class='ocr_par' dir='ltr' id='par_1_7' title="bbox 162 974 1448 1085">
     <span class='ocr_line' id='line_1_15' title="bbox 162 974 1448 1026; baseline 0.001 -13"><span class='ocrx_word' id='word_1_92' title='bbox 162 984 227 1015; x_wconf 88' lang='lat'>115</span> <span class='ocrx_word' id='word_1_93' title='bbox 249 974 382 1026; x_wconf 89' lang='lat' dir='ltr'>Deque</span> <span class='ocrx_word' id='word_1_94' title='bbox 410 974 537 1013; x_wconf 88' lang='lat' dir='ltr'>tribus</span> <span class='ocrx_word' id='word_1_95' title='bbox 557 1006 567 1026; x_wconf 91' lang='lat'><strong><em>,</em></strong></span> <span class='ocrx_word' id='word_1_96' title='bbox 598 986 738 1013; x_wconf 88' lang='lat' dir='ltr'>moneo</span> <span class='ocrx_word' id='word_1_97' title='bbox 760 1006 771 1026; x_wconf 86' lang='lat'><em>,</em></span> <span class='ocrx_word' id='word_1_98' title='bbox 804 976 837 1013; x_wconf 91' lang='lat' dir='ltr'>si</span> <span class='ocrx_word' id='word_1_99' title='bbox 863 986 939 1025; x_wconf 88' lang='lat' dir='ltr'>qua</span> <span class='ocrx_word' id='word_1_100' title='bbox 966 980 1025 1012; x_wconf 87' lang='lat' dir='ltr'>est</span> <span class='ocrx_word' id='word_1_101' title='bbox 1051 974 1121 1013; x_wconf 83' lang='lat' dir='ltr'>tibi</span> <span class='ocrx_word' id='word_1_102' title='bbox 1148 986 1242 1014; x_wconf 90' lang='lat' dir='ltr'>cura</span> <span class='ocrx_word' id='word_1_103' title='bbox 1273 977 1448 1026; x_wconf 88' lang='lat' dir='ltr'>parentis</span> 
     </span>
     <span class='ocr_line' id='line_1_16' title="bbox 248 1032 1305 1085; baseline 0 -13"><span class='ocrx_word' id='word_1_104' title='bbox 248 1033 304 1072; x_wconf 90' lang='lat' dir='ltr'>Ne</span> <span class='ocrx_word' id='word_1_105' title='bbox 338 1045 573 1084; x_wconf 88' lang='lat' dir='ltr'>quemquam</span> <span class='ocrx_word' id='word_1_106' title='bbox 593 1065 604 1085; x_wconf 81' lang='lat'><em>‚</em></span> <span class='ocrx_word' id='word_1_107' title='bbox 636 1034 812 1083; x_wconf 88' lang='lat' dir='ltr'>quamvis</span> <span class='ocrx_word' id='word_1_108' title='bbox 843 1034 927 1083; x_wconf 91' lang='lat' dir='ltr'>ipse</span> <span class='ocrx_word' id='word_1_109' title='bbox 961 1032 1145 1084; x_wconf 88' lang='lat' dir='ltr'>docebit,</span> <span class='ocrx_word' id='word_1_110' title='bbox 1178 1045 1305 1072; x_wconf 87' lang='lat' dir='ltr'>ames.</span> 
     </span>
    </p>

    <p class='ocr_par' dir='ltr' id='par_1_8' title="bbox 163 1091 1473 1553">
     <span class='ocr_line' id='line_1_17' title="bbox 250 1091 1473 1144; baseline 0 -13"><span class='ocrx_word' id='word_1_111' title='bbox 250 1092 350 1131; x_wconf 82' lang='lat' dir='ltr'>Sunt</span> <span class='ocrx_word' id='word_1_112' title='bbox 376 1104 532 1143; x_wconf 88' lang='lat' dir='ltr'>quoque</span> <span class='ocrx_word' id='word_1_113' title='bbox 559 1097 752 1142; x_wconf 78' lang='lat' dir='ltr'>mutatae,</span> <span class='ocrx_word' id='word_1_114' title='bbox 778 1097 839 1129; x_wconf 86' lang='lat' dir='ltr'>ter</span> <span class='ocrx_word' id='word_1_115' title='bbox 860 1092 1033 1142; x_wconf 87' lang='lat' dir='ltr'>quinque</span> <span class='ocrx_word' id='word_1_116' title='bbox 1060 1091 1278 1144; x_wconf 87' lang='lat' dir='ltr'>volumina,</span> <span class='ocrx_word' id='word_1_117' title='bbox 1305 1093 1473 1144; x_wconf 84' lang='lat' dir='ltr'>formae,</span> 
     </span>
     <span class='ocr_line' id='line_1_18' title="bbox 249 1150 1168 1202; baseline 0 -13"><span class='ocrx_word' id='word_1_118' title='bbox 249 1150 382 1202; x_wconf 88' lang='lat' dir='ltr'>Nuper</span> <span class='ocrx_word' id='word_1_119' title='bbox 415 1150 461 1189; x_wconf 88' lang='lat' dir='ltr'>ab</span> <span class='ocrx_word' id='word_1_120' title='bbox 495 1151 670 1201; x_wconf 88' lang='lat' dir='ltr'>exequiis</span> <span class='ocrx_word' id='word_1_121' title='bbox 704 1151 875 1188; x_wconf 87' lang='lat' dir='ltr'>carmina</span> <span class='ocrx_word' id='word_1_122' title='bbox 907 1155 1016 1199; x_wconf 87' lang='lat' dir='ltr'>rapta</span> <span class='ocrx_word' id='word_1_123' title='bbox 1048 1151 1168 1189; x_wconf 89' lang='lat' dir='ltr'>meis.</span> 
     </span>
     <span class='ocr_line' id='line_1_19' title="bbox 249 1208 1147 1256; baseline -0.001 -9"><span class='ocrx_word' id='word_1_124' title='bbox 249 1208 318 1247; x_wconf 92' lang='lat' dir='ltr'>His</span> <span class='ocrx_word' id='word_1_125' title='bbox 350 1208 490 1247; x_wconf 88' lang='lat' dir='ltr'>mando</span> <span class='ocrx_word' id='word_1_126' title='bbox 524 1208 629 1247; x_wconf 86' lang='lat' dir='ltr'>dieas</span> <span class='ocrx_word' id='word_1_127' title='bbox 648 1239 659 1256; x_wconf 87' lang='lat'><em>‚</em></span> <span class='ocrx_word' id='word_1_128' title='bbox 691 1210 794 1246; x_wconf 86' lang='lat' dir='ltr'>inter</span> <span class='ocrx_word' id='word_1_129' title='bbox 826 1213 973 1246; x_wconf 87' lang='lat' dir='ltr'>mutata</span> <span class='ocrx_word' id='word_1_130' title='bbox 1004 1208 1147 1246; x_wconf 75' lang='lat' dir='ltr'>referri</span> 
     </span>
     <span class='ocr_line' id='line_1_20' title="bbox 163 1267 1143 1318; baseline -0.002 -12"><span class='ocrx_word' id='word_1_131' title='bbox 163 1276 227 1307; x_wconf 77' lang='lat'>120</span> <span class='ocrx_word' id='word_1_132' title='bbox 249 1268 444 1306; x_wconf 81' lang='lat' dir='ltr'>Fortunae</span> <span class='ocrx_word' id='word_1_133' title='bbox 476 1267 628 1306; x_wconf 81' lang='lat' dir='ltr'>vultum</span> <span class='ocrx_word' id='word_1_134' title='bbox 661 1278 826 1318; x_wconf 87' lang='lat' dir='ltr'>corpora</span> <span class='ocrx_word' id='word_1_135' title='bbox 857 1278 973 1317; x_wconf 90' lang='lat' dir='ltr'>posse</span> <span class='ocrx_word' id='word_1_136' title='bbox 1009 1278 1143 1305; x_wconf 87' lang='lat' dir='ltr'>meae.</span> 
     </span>
     <span class='ocr_line' id='line_1_21' title="bbox 253 1324 1341 1378; baseline 0 -14"><span class='ocrx_word' id='word_1_137' title='bbox 253 1326 427 1376; x_wconf 87' lang='lat' dir='ltr'>Namque</span> <span class='ocrx_word' id='word_1_138' title='bbox 461 1337 505 1364; x_wconf 90' lang='lat' dir='ltr'>ea</span> <span class='ocrx_word' id='word_1_139' title='bbox 538 1325 737 1364; x_wconf 88' lang='lat' dir='ltr'>dissimilis</span> <span class='ocrx_word' id='word_1_140' title='bbox 771 1324 900 1363; x_wconf 90' lang='lat' dir='ltr'>subito</span> <span class='ocrx_word' id='word_1_141' title='bbox 935 1329 994 1363; x_wconf 85' lang='lat' dir='ltr'>est</span> <span class='ocrx_word' id='word_1_142' title='bbox 1026 1326 1163 1364; x_wconf 79' lang='lat' dir='ltr'>effecta</span> <span class='ocrx_word' id='word_1_143' title='bbox 1195 1326 1341 1378; x_wconf 79' lang='lat' dir='ltr'>priori,</span> 
     </span>
     <span class='ocr_line' id='line_1_22' title="bbox 250 1383 1274 1435; baseline 0 -13"><span class='ocrx_word' id='word_1_144' title='bbox 250 1384 277 1422; x_wconf 92' lang='lat' dir='ltr'>F</span> <span class='ocrx_word' id='word_1_145' title='bbox 282 1384 472 1434; x_wconf 77' lang='lat' dir='ltr'>lentiaque</span> <span class='ocrx_word' id='word_1_146' title='bbox 505 1396 610 1423; x_wconf 86' lang='lat' dir='ltr'>nunc</span> <span class='ocrx_word' id='word_1_147' title='bbox 631 1415 643 1435; x_wconf 86' lang='lat'><em>‚</em></span> <span class='ocrx_word' id='word_1_148' title='bbox 674 1383 802 1434; x_wconf 89' lang='lat' dir='ltr'>aliquo</span> <span class='ocrx_word' id='word_1_149' title='bbox 835 1389 1014 1434; x_wconf 89' lang='lat' dir='ltr'>tempore</span> <span class='ocrx_word' id='word_1_150' title='bbox 1046 1383 1145 1422; x_wconf 81' lang='lat' dir='ltr'>laeta</span> <span class='ocrx_word' id='word_1_151' title='bbox 1176 1384 1274 1423; x_wconf 84' lang='lat' dir='ltr'>suit.</span> 
     </span>
     <span class='ocr_line' id='line_1_23' title="bbox 247 1441 1433 1493; baseline 0.001 -12"><span class='ocrx_word' id='word_1_152' title='bbox 247 1442 363 1481; x_wconf 89' lang='lat' dir='ltr'>Plura</span> <span class='ocrx_word' id='word_1_153' title='bbox 397 1441 554 1493; x_wconf 87' lang='lat' dir='ltr'>quidem</span> <span class='ocrx_word' id='word_1_154' title='bbox 586 1441 770 1480; x_wconf 89' lang='lat' dir='ltr'>mandare</span> <span class='ocrx_word' id='word_1_155' title='bbox 802 1441 876 1480; x_wconf 86' lang='lat' dir='ltr'>tibi</span> <span class='ocrx_word' id='word_1_156' title='bbox 895 1473 905 1492; x_wconf 88' lang='lat'>,</span> <span class='ocrx_word' id='word_1_157' title='bbox 937 1442 971 1480; x_wconf 88' lang='lat' dir='ltr'>si</span> <span class='ocrx_word' id='word_1_158' title='bbox 1003 1443 1159 1492; x_wconf 87' lang='lat' dir='ltr'>quaeris</span> <span class='ocrx_word' id='word_1_159' title='bbox 1177 1473 1188 1493; x_wconf 89' lang='lat'><em>,</em></span> <span class='ocrx_word' id='word_1_160' title='bbox 1219 1442 1433 1482; x_wconf 85' lang='lat' dir='ltr'>habebam.</span> 
     </span>
     <span class='ocr_line' id='line_1_24' title="bbox 249 1501 1155 1553; baseline 0 -14"><span class='ocrx_word' id='word_1_161' title='bbox 249 1501 325 1540; x_wconf 91' lang='lat' dir='ltr'>Sed</span> <span class='ocrx_word' id='word_1_162' title='bbox 358 1513 496 1539; x_wconf 89' lang='lat' dir='ltr'>vereor</span> <span class='ocrx_word' id='word_1_163' title='bbox 528 1501 660 1539; x_wconf 86' lang='lat' dir='ltr'>tardae</span> <span class='ocrx_word' id='word_1_164' title='bbox 693 1512 809 1539; x_wconf 85' lang='lat' dir='ltr'>causa</span> <span class='ocrx_word' id='word_1_165' title='bbox 841 1501 963 1538; x_wconf 88' lang='lat' dir='ltr'>fuisse</span> <span class='ocrx_word' id='word_1_166' title='bbox 996 1512 1155 1553; x_wconf 88' lang='lat' dir='ltr'>morae,</span> 
     </span>
    </p>

    <p class='ocr_par' dir='ltr' id='par_1_9' title="bbox 163 1558 1467 1668">
     <span class='ocr_line' id='line_1_25' title="bbox 163 1558 1467 1613; baseline 0 -14"><span class='ocrx_word' id='word_1_167' title='bbox 163 1568 227 1599; x_wconf 73' lang='lat'>125</span> <span class='ocrx_word' id='word_1_168' title='bbox 248 1559 298 1598; x_wconf 89' lang='lat' dir='ltr'>Et</span> <span class='ocrx_word' id='word_1_169' title='bbox 330 1561 363 1597; x_wconf 96' lang='lat' dir='ltr'>si</span> <span class='ocrx_word' id='word_1_170' title='bbox 381 1591 391 1611; x_wconf 82' lang='lat'><em>‚</em></span> <span class='ocrx_word' id='word_1_171' title='bbox 430 1571 528 1610; x_wconf 87' lang='lat' dir='ltr'>quae</span> <span class='ocrx_word' id='word_1_172' title='bbox 562 1558 763 1610; x_wconf 87' lang='lat' dir='ltr'>subeunt,</span> <span class='ocrx_word' id='word_1_173' title='bbox 800 1564 961 1610; x_wconf 85' lang='lat' dir='ltr'>tecum,</span> <span class='ocrx_word' id='word_1_174' title='bbox 994 1558 1094 1597; x_wconf 88' lang='lat' dir='ltr'>liber</span> <span class='ocrx_word' id='word_1_175' title='bbox 1113 1589 1124 1611; x_wconf 80' lang='lat'><em>,</em></span> <span class='ocrx_word' id='word_1_176' title='bbox 1157 1560 1286 1598; x_wconf 90' lang='lat' dir='ltr'>omnia</span> <span class='ocrx_word' id='word_1_177' title='bbox 1317 1560 1467 1613; x_wconf 86' lang='lat' dir='ltr'>ferres,</span> 
     </span>
     <span class='ocr_line' id='line_1_26' title="bbox 250 1617 1071 1668; baseline 0 -12"><span class='ocrx_word' id='word_1_178' title='bbox 250 1618 410 1656; x_wconf 88' lang='lat' dir='ltr'>Sarcina</span> <span class='ocrx_word' id='word_1_179' title='bbox 441 1618 568 1656; x_wconf 87' lang='lat' dir='ltr'>laturo</span> <span class='ocrx_word' id='word_1_180' title='bbox 601 1629 738 1668; x_wconf 86' lang='lat' dir='ltr'>magna</span> <span class='ocrx_word' id='word_1_181' title='bbox 769 1617 927 1656; x_wconf 85' lang='lat' dir='ltr'>futurus</span> <span class='ocrx_word' id='word_1_182' title='bbox 961 1628 1071 1656; x_wconf 88' lang='lat' dir='ltr'>eras.</span> 
     </span>
    </p>

    <p class='ocr_par' dir='ltr' id='par_1_10' title="bbox 248 1674 1390 1787">
     <span class='ocr_line' id='line_1_27' title="bbox 248 1674 1390 1727; baseline 0.001 -13"><span class='ocrx_word' id='word_1_183' title='bbox 248 1675 379 1726; x_wconf 85' lang='lat' dir='ltr'>Longa</span> <span class='ocrx_word' id='word_1_184' title='bbox 410 1678 470 1714; x_wconf 88' lang='lat' dir='ltr'>via</span> <span class='ocrx_word' id='word_1_185' title='bbox 503 1682 562 1714; x_wconf 88' lang='lat' dir='ltr'>est</span> <span class='ocrx_word' id='word_1_186' title='bbox 581 1707 592 1727; x_wconf 81' lang='grc'>,</span> <span class='ocrx_word' id='word_1_187' title='bbox 624 1674 822 1726; x_wconf 80' lang='lat' dir='ltr'>propera!</span> <span class='ocrx_word' id='word_1_188' title='bbox 866 1674 979 1713; x_wconf 91' lang='lat' dir='ltr'>nobis</span> <span class='ocrx_word' id='word_1_189' title='bbox 1010 1674 1251 1715; x_wconf 89' lang='lat' dir='ltr'>habitabitur</span> <span class='ocrx_word' id='word_1_190' title='bbox 1283 1675 1390 1715; x_wconf 89' lang='lat' dir='ltr'>orbis</span> 
     </span>
     <span class='ocr_line' id='line_1_28' title="bbox 248 1734 1094 1787; baseline 0 -14"><span class='ocrx_word' id='word_1_191' title='bbox 248 1734 416 1773; x_wconf 83' lang='lat' dir='ltr'>Ultimus</span> <span class='ocrx_word' id='word_1_192' title='bbox 435 1765 446 1787; x_wconf 67' lang='lat'><em>7</em></span> <span class='ocrx_word' id='word_1_193' title='bbox 479 1746 499 1772; x_wconf 90' lang='lat' dir='ltr'>a</span> <span class='ocrx_word' id='word_1_194' title='bbox 531 1740 635 1773; x_wconf 86' lang='lat' dir='ltr'>terra</span> <span class='ocrx_word' id='word_1_195' title='bbox 668 1739 772 1772; x_wconf 87' lang='lat' dir='ltr'>terra</span> <span class='ocrx_word' id='word_1_196' title='bbox 804 1738 954 1772; x_wconf 88' lang='lat' dir='ltr'>remota</span> <span class='ocrx_word' id='word_1_197' title='bbox 986 1745 1094 1773; x_wconf 88' lang='lat' dir='ltr'>mea.</span> 
     </span>
    </p>
   </div>
   <div class='ocr_carea' id='block_1_3' title="bbox 1464 1008 1474 1028">
    <p class='ocr_par' dir='ltr' id='par_1_11' title="bbox 1464 1008 1474 1028">
     <span class='ocr_line' id='line_1_29' title="bbox 1464 1008 1474 1028; baseline 0 0"><span class='ocrx_word' id='word_1_198' title='bbox 1464 1008 1474 1028; x_wconf 76' lang='lat'><em>7</em></span> 
     </span>
    </p>
   </div>
   <div class='ocr_carea' id='block_1_4' title="bbox 772 1860 830 1908">
    <p class='ocr_par' dir='ltr' id='par_1_12' title="bbox 772 1860 830 1908">
     <span class='ocr_line' id='line_1_30' title="bbox 772 1860 830 1908; baseline 0.017 -1"><span class='ocrx_word' id='word_1_199' title='bbox 772 1860 830 1908; x_wconf 93' lang='lat' dir='ltr'>II.</span> 
     </span>
    </p>
   </div>
   <div class='ocr_carea' id='block_1_5' title="bbox 210 1966 1472 2371">
    <p class='ocr_par' dir='ltr' id='par_1_13' title="bbox 210 1966 1472 2371">
     <span class='ocr_line' id='line_1_31' title="bbox 250 1966 1472 2020; baseline 0.002 -15"><span class='ocrx_word' id='word_1_200' title='bbox 250 1967 296 2005; x_wconf 89' lang='lat' dir='ltr'>Di</span> <span class='ocrx_word' id='word_1_201' title='bbox 328 1967 446 2005; x_wconf 90' lang='lat' dir='ltr'>maris</span> <span class='ocrx_word' id='word_1_202' title='bbox 479 1972 516 2005; x_wconf 86' lang='lat' dir='ltr'>et</span> <span class='ocrx_word' id='word_1_203' title='bbox 549 1966 675 2019; x_wconf 84' lang='lat' dir='ltr'>caeli,</span> <span class='ocrx_word' id='word_1_204' title='bbox 711 1987 768 1995; x_wconf 51' lang='grc' dir='ltr'>ν-</span> <span class='ocrx_word' id='word_1_205' title='bbox 816 1966 909 2017; x_wconf 90' lang='lat' dir='ltr'>quid</span> <span class='ocrx_word' id='word_1_206' title='bbox 949 1968 1052 2005; x_wconf 90' lang='lat' dir='ltr'>enim</span> <span class='ocrx_word' id='word_1_207' title='bbox 1091 1968 1168 2006; x_wconf 91' lang='lat' dir='ltr'>nisi</span> <span class='ocrx_word' id='word_1_208' title='bbox 1205 1973 1293 2007; x_wconf 86' lang='lat' dir='ltr'>vota</span> <span class='ocrx_word' id='word_1_209' title='bbox 1337 1979 1472 2020; x_wconf 87' lang='lat' dir='ltr'>super-</span> 
     </span>
     <span class='ocr_line' id='line_1_32' title="bbox 895 2023 1104 2064; baseline 0 0"><span class='ocrx_word' id='word_1_210' title='bbox 895 2023 1023 2064; x_wconf 82' lang='lat' dir='ltr'>sunt?</span> <span class='ocrx_word' id='word_1_211' title='bbox 1055 2047 1104 2053; x_wconf 90' lang='lat'>—</span> 
     </span>
     <span class='ocr_line' id='line_1_33' title="bbox 252 2083 1184 2136; baseline 0.001 -14"><span class='ocrx_word' id='word_1_212' title='bbox 252 2084 410 2122; x_wconf 91' lang='lat' dir='ltr'>Solvere</span> <span class='ocrx_word' id='word_1_213' title='bbox 443 2088 646 2134; x_wconf 87' lang='lat' dir='ltr'>quassatae</span> <span class='ocrx_word' id='word_1_214' title='bbox 677 2085 826 2135; x_wconf 88' lang='lat' dir='ltr'>parcite</span> <span class='ocrx_word' id='word_1_215' title='bbox 859 2083 1033 2122; x_wconf 89' lang='lat' dir='ltr'>membra</span> <span class='ocrx_word' id='word_1_216' title='bbox 1065 2086 1184 2136; x_wconf 87' lang='lat' dir='ltr'>ratis,</span> 
     </span>
     <span class='ocr_line' id='line_1_34' title="bbox 249 2141 1365 2194; baseline 0.002 -14"><span class='ocrx_word' id='word_1_217' title='bbox 249 2142 354 2180; x_wconf 89' lang='lat' dir='ltr'>Neve</span> <span class='ocrx_word' id='word_1_218' title='bbox 373 2173 383 2193; x_wconf 87' lang='lat'><strong><em>,</em></strong></span> <span class='ocrx_word' id='word_1_219' title='bbox 415 2154 557 2193; x_wconf 83' lang='lat' dir='ltr'>precor</span> <span class='ocrx_word' id='word_1_220' title='bbox 578 2174 588 2194; x_wconf 89' lang='lat'><strong><em>,</em></strong></span> <span class='ocrx_word' id='word_1_221' title='bbox 620 2143 751 2193; x_wconf 87' lang='lat' dir='ltr'>magni</span> <span class='ocrx_word' id='word_1_222' title='bbox 782 2141 1017 2181; x_wconf 86' lang='lat' dir='ltr'>subscribite</span> <span class='ocrx_word' id='word_1_223' title='bbox 1051 2143 1226 2182; x_wconf 85' lang='lat' dir='ltr'>Caesaris</span> <span class='ocrx_word' id='word_1_224' title='bbox 1257 2142 1365 2183; x_wconf 81' lang='lat' dir='ltr'>irae!</span> 
     </span>
     <span class='ocr_line' id='line_1_35' title="bbox 253 2200 1253 2253; baseline 0.002 -15"><span class='ocrx_word' id='word_1_225' title='bbox 253 2200 376 2251; x_wconf 86' lang='lat' dir='ltr'>Saepe</span> <span class='ocrx_word' id='word_1_226' title='bbox 408 2206 612 2251; x_wconf 85' lang='lat' dir='ltr'>premente</span> <span class='ocrx_word' id='word_1_227' title='bbox 645 2201 717 2239; x_wconf 90' lang='lat' dir='ltr'>deo</span> <span class='ocrx_word' id='word_1_228' title='bbox 750 2201 827 2239; x_wconf 90' lang='lat' dir='ltr'>fert</span> <span class='ocrx_word' id='word_1_229' title='bbox 857 2201 954 2240; x_wconf 90' lang='lat' dir='ltr'>deus</span> <span class='ocrx_word' id='word_1_230' title='bbox 986 2201 1083 2240; x_wconf 89' lang='lat' dir='ltr'>alter</span> <span class='ocrx_word' id='word_1_231' title='bbox 1115 2213 1253 2253; x_wconf 88' lang='lat' dir='ltr'>opem.</span> 
     </span>
     <span class='ocr_line' id='line_1_36' title="bbox 210 2258 1325 2311; baseline 0.002 -14"><span class='ocrx_word' id='word_1_232' title='bbox 210 2267 230 2297; x_wconf 83' lang='lat'>5</span> <span class='ocrx_word' id='word_1_233' title='bbox 251 2258 440 2297; x_wconf 87' lang='lat' dir='ltr'>Mulciber</span> <span class='ocrx_word' id='word_1_234' title='bbox 472 2261 511 2297; x_wconf 90' lang='lat' dir='ltr'>in</span> <span class='ocrx_word' id='word_1_235' title='bbox 543 2259 701 2297; x_wconf 88' lang='lat' dir='ltr'>Troiam</span> <span class='ocrx_word' id='word_1_236' title='bbox 722 2291 732 2310; x_wconf 88' lang='lat'>,</span> <span class='ocrx_word' id='word_1_237' title='bbox 762 2271 833 2311; x_wconf 92' lang='lat' dir='ltr'>pro</span> <span class='ocrx_word' id='word_1_238' title='bbox 866 2259 982 2298; x_wconf 88' lang='lat' dir='ltr'>Troia</span> <span class='ocrx_word' id='word_1_239' title='bbox 1008 2259 1134 2299; x_wconf 85' lang='lat' dir='ltr'>stabat</span> <span class='ocrx_word' id='word_1_240' title='bbox 1165 2260 1325 2311; x_wconf 90' lang='lat' dir='ltr'>Apollo:</span> 
     </span>
     <span class='ocr_line' id='line_1_37' title="bbox 252 2316 1222 2371; baseline 0.002 -16"><span class='ocrx_word' id='word_1_241' title='bbox 252 2318 383 2368; x_wconf 85' lang='lat' dir='ltr'>Aequa</span> <span class='ocrx_word' id='word_1_242' title='bbox 415 2316 545 2356; x_wconf 91' lang='lat' dir='ltr'>Venus</span> <span class='ocrx_word' id='word_1_243' title='bbox 578 2317 742 2357; x_wconf 91' lang='lat' dir='ltr'>Teucris</span> <span class='ocrx_word' id='word_1_244' title='bbox 761 2350 773 2371; x_wconf 64' lang='lat'><strong><em>7</em></strong></span> <span class='ocrx_word' id='word_1_245' title='bbox 804 2317 929 2357; x_wconf 91' lang='lat' dir='ltr'>Pallas</span> <span class='ocrx_word' id='word_1_246' title='bbox 960 2319 1093 2370; x_wconf 87' lang='lat' dir='ltr'>iniqua</span> <span class='ocrx_word' id='word_1_247' title='bbox 1125 2319 1222 2357; x_wconf 81' lang='lat' dir='ltr'>fuit.</span> 
     </span>
    </p>
   </div>
   <div class='ocr_carea' id='block_1_6' title="bbox 1554 0 1570 123">
    <p class='ocr_par' dir='ltr' id='par_1_14' title="bbox 1554 0 1570 123">
     <span class='ocr_line' id='line_1_38' title="bbox 1554 0 1570 123; textangle 90"><span class='ocrx_word' id='word_1_248' title='bbox 1567 115 1570 123; x_wconf 28' lang='grc' dir='ltr'>λ</span> <span class='ocrx_word' id='word_1_249' title='bbox 1554 0 1570 84; x_wconf 39' lang='lat' dir='ltr'>‘xla-e</span> 
     </span>
    </p>
   </div>
  </div>
 </body>
</html>
