1570 2527
594 112 641 146 ΙΙ.
668 114 864 146 276-348,
1311 110 1397 152 243

178 220 336 272 Iamque
367 233 506 260 nemus
537 220 708 272 Bacchi,
741 221 865 259 Tmoli
898 223 1054 273 vineta,
1086 221 1266 274 tenebat,

237 280 434 331 Hesperos
466 285 505 318 et
538 281 648 318 fusco
681 280 859 318 roscidus
891 280 971 318 ibat
1003 293 1126 331 equo.

90 345 157 377 315
177 339 296 377 Antra
329 338 435 377 subit
466 339 554 377 tofis
586 338 763 389 laqueata
796 344 834 377 et
866 340 1019 389 pumice
1052 340 1159 391 vivo3

237 396 425 436 Garrulus
457 399 496 435 in
529 399 655 448 primo
688 396 821 435 limine
854 399 960 435 rivus
994 402 1099 436 erat.

177 455 356 506 Dumque
388 461 526 507 parant
558 455 692 507 epulas
724 456 970 507 potandaque
1003 457 1088 494 vina
1121 456 1313 507 ministri,

238 514 417 553 Cultibus
449 514 607 553 Alciden
640 516 801 553 instruit
831 514 893 552 illa
927 516 1032 553 suis.

178 572 248 611 Dat
282 574 410 611 tenuis
443 575 595 612 tunicas
628 572 790 611 Gaetulo
824 575 972 611 murice
1005 575 1170 624 tinctas,

89 639 156 671 320
235 631 307 670 Dat
339 637 503 670 teretem
536 644 669 670 zonam
690 664 700 683 ‚
732 643 807 682 qua
839 632 953 669 modo
987 633 1112 670 cincta
1146 632 1242 670 suit.

176 689 320 729 Ventre
353 692 479 728 minor
511 703 605 729 zona
637 696 726 742 est3
759 692 979 729 tunicarum
1013 690 1137 729 vincla
1169 690 1339 743 relaxat,

237 748 287 787 Ut
318 755 451 800 posset
482 756 609 787 vastas
642 751 842 787 exeruisse
875 761 1036 788 manus.

175 806 363 858 Fregerat
394 808 563 846 armillas
596 819 673 846 non
706 807 769 845 illa
801 807 846 845 ad
881 807 1038 845 brachia
1071 808 1215 860 factas,

235 865 473 904 Scindebant
504 868 633 916 magni
666 865 817 904 vincula
851 878 966 916 parva
999 866 1142 916 pedes.

88 923 261 975 3251psa
295 925 397 975 capit
428 924 651 975 clavamque
683 936 838 975 gravem
872 924 1118 975 spoliumque
1153 923 1278 963 leonis

233 982 475 1034 Conditaque
507 985 546 1022 in
579 983 761 1034 pharetra
793 982 869 1022 tela
902 985 1052 1021 minora
1085 995 1176 1022 sua.

176 1041 240 1081 Sic
272 1041 396 1093 epulis
429 1042 554 1081 suncti
586 1043 641 1080 sic
674 1042 767 1080 dant
799 1054 868 1081 sua
902 1053 1067 1093 corpora
1100 1053 1260 1092 somno,

233 1099 283 1139 Et
313 1101 451 1152 positis
483 1102 590 1139 iuxta
623 1100 841 1139 secubuere
874 1102 993 1139 toris.

177 1158 329 1211 Causa,
361 1161 556 1210 repertori
588 1160 676 1197 vitis
709 1161 800 1210 quia
832 1171 940 1198 sacra
972 1158 1184 1211 parabant,

87 1225 154 1257 330
233 1217 340 1263 Quae
373 1218 548 1256 facerent
578 1230 707 1270 pure,
740 1230 829 1256 cum
862 1218 964 1256 foret
996 1224 1080 1257 orta
1112 1218 1218 1256 dies,

175 1275 311 1315 Noctis
343 1282 428 1315 erat
458 1276 659 1315 medium.
711 1276 805 1327 quid
838 1288 915 1315 non
949 1288 1056 1314 amor
1087 1275 1290 1328 improbus

902 1335 1020 1374 audet
1038 1332 1060 1374 ?

233 1393 400 1433 Roscida
431 1406 503 1445 per
534 1392 718 1433 tenebras
750 1393 908 1433 Faunus
940 1393 986 1432 ad
1019 1398 1129 1432 antra
1161 1394 1289 1432 venit.

174 1451 302 1503 thue
334 1451 440 1491 videt
472 1454 634 1492 comites
667 1464 804 1491 somno
837 1454 1006 1503 vinoque
1039 1451 1213 1504 solutos,

235 1511 352 1562 Spem
385 1513 489 1562 capit
520 1513 559 1550 in
593 1511 761 1549 dominis
791 1522 880 1550 esse
913 1512 1067 1562 soporis
1099 1511 1225 1550 idem.

86 1578 153 1609 335
172 1569 297 1608 Intrat
314 1600 326 1622 ‚
359 1574 398 1608 et
428 1570 506 1609 huc
537 1569 629 1608 illuc
661 1571 896 1609 temerarius
928 1574 1035 1608 errat
1067 1568 1242 1618 adulter,

232 1627 282 1667 Et
313 1628 486 1680 praefert
517 1633 651 1668 cautas
684 1628 1019 1679 subsequiturque
1052 1640 1212 1668 manus,

173 1686 340 1726 Venerat
372 1686 418 1726 ad
452 1689 564 1726 strati
596 1692 747 1738 captata
774 1687 916 1726 cubilia
948 1687 1062 1738 lecti,
1338 1695 1397 1726 (49)

232 1746 282 1785 Et
312 1745 404 1784 felix
436 1748 561 1798 prima
593 1746 694 1785 forte
727 1746 885 1785 futurus
918 1751 1024 1785 erat.

172 1804 223 1845 Ut
253 1806 384 1855 tetigit
415 1805 510 1844 fulvi
542 1807 659 1844 saetis
691 1804 843 1844 hirsuta
875 1804 1000 1843 leonis

85 1872 154 1904 340
231 1863 381 1902 Vellera
400 1895 411 1917 ‚
442 1865 648 1916 pertimuit
679 1865 945 1914 sustinuitque
978 1875 1158 1902 manum.

175 1922 470 1974 [Attonitusque
503 1929 611 1962 metu
643 1922 788 1975 rediit,
820 1928 865 1961 ut
896 1934 1011 1973 saepe
1043 1923 1167 1960 viator

232 1980 450 2020 Turbatum
482 1983 564 2020 viso
597 1981 750 2019 rettulit
781 1992 907 2032 angue
939 1979 1079 2031 pedem
1095 1979 1122 2029 .]

173 2039 266 2078 Inde
298 2041 404 2092 tori,
440 2041 507 2090 qui
538 2041 698 2078 iunctus
731 2045 843 2090 erat,
875 2038 1064 2087 velamina
1095 2038 1218 2089 tangit

231 2098 357 2137 Mollia
377 2129 389 2151 ‚
422 2098 599 2137 mendaci
630 2097 904 2148 decipiturque
937 2102 1052 2136 nota.

85 2164 153 2196 345
173 2156 388 2209 Ascendit,
419 2157 646 2208 spondaque
679 2156 754 2195 sibi
785 2157 969 2208 propiore
1000 2154 1217 2206 recumbit,

232 2215 281 2254 Et
312 2216 507 2255 tumidum
540 2227 663 2255 cornu
696 2215 834 2254 durius
865 2216 1012 2266 inguen
1044 2219 1153 2253 erat.

174 2273 328 2313 Interea
360 2276 512 2313 tunicas
544 2286 612 2313 ora
645 2273 830 2313 subducit
861 2272 908 2312 ab
940 2274 1039 2312 ima:

231 2332 454 2373 Horrebant
486 2333 618 2372 densis
650 2345 787 2385 aspera
819 2343 935 2372 crura
966 2331 1076 2383 pilis.

1115 2394 1183 2432 16*
