1570 2527
520 107 584 139 111.
610 115 660 139 111
680 109 818 140 25-1v
838 109 868 140 5.
1303 105 1360 146 43

130 215 227 254 Nam
260 216 294 254 si
325 220 451 254 morte
484 226 622 253 carens
655 226 775 253 vacua
806 214 910 254 volat
941 214 1042 254 altus
1075 215 1114 253 in
1147 226 1241 253 aura

131 274 302 326 Spiritus
322 305 333 326 ,
365 279 404 313 et
437 273 556 312 Samii
590 278 682 312 sunt
713 278 797 312 rata
830 273 933 312 dicta
965 274 1094 325 senis,

129 333 236 372 Inter
270 332 506 372 Sarmaticas
538 331 711 370 Romana
743 332 947 383 vagabitur
979 331 1163 384 umbraS‚

128 392 283 443 Perque
316 392 421 430 feros
454 403 587 430 manes
619 390 773 442 hospita
806 404 961 443 semper
994 392 1092 443 erit3

65 459 108 489 65
131 450 228 490 Ossa
260 457 390 489 tamen
424 450 540 489 facito
574 462 691 501 parva
723 450 946 489 referantur
979 451 1020 488 in
1052 461 1174 489 urna:

131 509 194 548 Sic
227 521 299 560 ego
332 521 409 548 non
443 510 559 548 etiam
591 514 772 547 mortuus
805 508 896 547 exul
928 521 1020 547 ero.

129 567 214 606 Non
235 573 339 607 vetat
365 568 438 606 hoc
460 569 689 619 quisquam:
717 568 878 606 fratrem
898 566 1084 606 Thebana
1109 571 1360 618 peremptum

134 626 350 678 Supposuit
381 627 532 666 tumulo
566 638 659 677 rege
691 632 845 665 vetante
879 638 1014 665 soror.

129 686 255 736 Atque
288 698 331 724 ea
364 697 452 724 cum
486 684 589 723 foliis
622 690 662 723 et
692 687 834 724 amomi
865 685 1027 736 pulvere
1059 686 1204 736 misce,

65 753 107 783 70
129 743 250 794 Inque
285 743 512 782 suburbano
545 742 700 781 condita
732 756 835 794 pone
868 743 973 795 solo3

129 802 315 853 Quosque
347 801 451 853 legat
482 813 619 840 versus
652 801 765 840 oculo
798 807 1035 853 properante
1067 802 1215 853 viator,

127 860 350 900 Grandibus
382 862 422 899 in
455 860 559 900 tituli
591 872 786 899 marmore
820 860 939 899 caede
971 861 1098 899 notis:

124 933 195 960 mo
216 940 225 949 ·
244 933 326 959 EGO
348 940 356 949 ·
378 932 449 963 QUI
469 940 476 948 ·
496 932 619 959 IAOEO
641 940 649 948 ·
671 933 923 958 TENERORUM
944 940 951 948 ·
972 931 1106 958 LUSOR
1126 938 1133 946 ·
1155 931 1328 957 AMORUM

125 991 294 1019 menmo
316 999 324 1007 ·
344 992 456 1018 szn
476 999 485 1007 ·
506 990 610 1017 NASO
632 999 640 1006 ·
660 992 796 1018 POETA
818 999 825 1006 ·
846 991 930 1018 MEO

63 1046 105 1077 75
125 1051 180 1076 A'r
201 1059 209 1067 ·
231 1051 315 1077 TIBI
334 1058 342 1067 ·
365 1050 437 1081 Qm
457 1058 464 1065 ·
487 1049 658 1076 TRANSIS
673 1032 695 1066 '·
722 1051 775 1077 NE
802 1058 810 1066 ·
831 1050 895 1076 sn*
917 1058 925 1067 ·
947 1050 1084 1077 GRAVE
1106 1057 1113 1064 ·
1136 1048 1326 1079 QUISQUIS
1348 1055 1356 1064 ·

742 1109 896 1135 AMASTI

124 1168 277 1195 monim
299 1175 307 1185 ·
328 1167 500 1195 NASONIS
523 1176 529 1183 ·
551 1168 761 1194 MOLLITER
781 1176 789 1184 ·
812 1168 911 1194 OSSA
931 1175 940 1183 ·
962 1168 1124 1194 CUBENT

125 1214 208 1253 Hoc
241 1215 335 1254 satis
368 1215 408 1253 in
441 1213 556 1253 titulo
590 1219 677 1253 est.
729 1215 875 1253 etenim
906 1215 1054 1252 maiora
1086 1212 1207 1252 libelli

125 1272 175 1312 Et
207 1273 392 1312 diuturna
425 1274 548 1324 magis
581 1278 674 1311 sunt
704 1275 944 1311 monimenta
976 1272 1094 1323 mihi,

126 1331 233 1378 Quos
266 1344 337 1382 ego
370 1331 524 1370 confido
543 1363 554 1383 7
587 1333 763 1382 quamvis
796 1344 968 1370 nocuere
987 1363 998 1383 ,
1031 1331 1192 1370 daturos

61 1399 104 1430 80
125 1390 276 1429 Nomen
309 1395 348 1429 et
380 1392 532 1430 auctori
565 1396 743 1441 tempora
774 1390 889 1441 longa
922 1402 1017 1429 suO.

126 1449 185 1487 Tu
217 1454 347 1488 tamen
381 1450 553 1487 extincto
586 1448 720 1487 feralia
752 1460 916 1487 munera
950 1459 1106 1499 semper

127 1507 259 1558 Deque
292 1509 371 1546 tuis
403 1507 574 1545 lacrimis
607 1507 737 1546 umida
771 1512 875 1545 serta
908 1506 1022 1545 dato.

127 1566 309 1611 Quamvis
342 1567 382 1604 in
416 1567 569 1604 cineres
603 1578 747 1617 corpus
780 1567 990 1604 mutaverit
1021 1566 1146 1618 ignis,

127 1624 279 1663 Sentiet
311 1625 484 1663 officium
516 1630 663 1663 maesta
695 1624 821 1663 favilla
852 1626 985 1675 pium.

61 1692 104 1723 85
127 1682 287 1722 Scibere
319 1683 432 1734 plura
463 1682 587 1721 libet.
639 1683 707 1722 sed
739 1695 813 1721 vox
845 1683 942 1721 mihi
974 1683 1077 1721 fessa
1108 1682 1305 1734 loquendo

123 1741 303 1781 Dictandi
335 1743 438 1780 vires
471 1743 653 1793 siccaque
686 1741 819 1792 lingua
851 1747 989 1792 negat.

123 1801 267 1851 Accipe
300 1812 485 1852 supremo
519 1800 668 1839 dIctum
700 1800 796 1839 mihi
829 1800 993 1839 forsitan
1027 1812 1115 1852 ore,

124 1859 236 1905 Quod
255 1891 267 1912 ,
299 1859 372 1899 tibi
404 1860 472 1911 qui
504 1861 651 1913 mittit,
684 1871 764 1899 non
796 1858 913 1898 habet
944 1860 1029 1911 ipse
1048 1890 1059 1911 ‚
1092 1857 1197 1897 vale!

631 1987 711 2037 IV.

122 2093 154 2133 Ο
187 2093 282 2134 mihi
315 2106 403 2134 care
437 2094 595 2146 quidem
628 2106 814 2146 semper,
850 2093 918 2132 sed
952 2099 1129 2144 tempore
1162 2092 1260 2132 duro

122 2152 284 2204 Cognite
304 2185 315 2206 ‚
347 2165 411 2192 res
443 2159 651 2205 postquam
683 2152 932 2204 procubuere
966 2164 1100 2201 meae,

122 2211 266 2251 Usibus
298 2212 437 2252 edocto
471 2214 504 2251 si
536 2213 746 2263 quicquam
780 2211 908 2250 credis
942 2212 1089 2262 amico,

121 2269 213 2309 Vive
245 2270 318 2310 tibi
349 2277 389 2311 et
419 2271 534 2322 longe
566 2272 724 2310 nomina
756 2281 894 2321 magna
926 2270 1040 2321 fuge.

80 2336 101 2367 5
121 2327 214 2368 Vive
246 2329 346 2382 tibi,
380 2336 648 2381 quantumque
680 2334 794 2381 potes
825 2328 1061 2380 praelustria
1093 2329 1192 2367 vita:
