1570 2527
203 124 258 165 22
756 124 983 156 TRISTIUM

321 232 362 271 Si
394 243 461 283 spe
494 237 613 283 sunt,
646 236 690 269 ut
722 236 842 283 sunt,
872 231 1059 270 inferiora
1090 236 1168 271 tua.

319 290 404 328 Non
430 291 525 328 haec
552 290 591 327 in
617 291 787 341 nostris,
818 294 862 328 ut
889 289 1107 342 quondam,
1140 291 1369 341 scripsimus
1388 289 1537 343 hortis,

319 348 398 387 Nec
417 379 428 399 ,
460 353 676 399 consuete,
709 359 868 399 meum,
899 347 1041 386 lectule
1060 378 1071 399 ‚
1104 359 1247 399 corpus
1279 348 1422 387 habes.

319 406 445 445 Iactor
476 407 515 443 in
549 405 737 444 indomito
769 405 935 444 brumali
967 406 1054 444 luce
1085 406 1304 459 profundo,

255 472 298 503 40
321 465 486 515 Ipsaque
518 463 709 502 caeruleis
742 462 875 502 charta
907 464 1048 502 feritur
1080 466 1213 514 aquis.

319 521 497 572 Improba
529 527 676 572 pugnat
707 521 831 560 hiems
863 521 1197 573 indignaturque,
1231 522 1334 573 quod
1366 524 1491 562 ausim

322 580 504 618 Scribere
537 591 578 618 se
610 579 754 630 rigidas
786 580 1002 618 incutiente
1035 581 1181 618 minas.

318 638 454 676 Vincat
478 637 604 676 hiems
629 636 848 676 hominem!
881 637 949 676 sed
975 636 1113 676 eodem
1138 643 1340 692 tempore,
1373 650 1539 691 quaeso,

319 696 406 748 Ipse
438 696 597 734 modum
629 701 796 734 statuam
828 697 1040 748 carminis,
1072 695 1135 734 illa
1167 697 1250 735 sui.

594 818 775 871 LIBER
813 817 1145 873 SECUNDUS.

320 927 421 974 Quid
453 928 549 966 mihi
579 927 780 966 vobiscum
813 932 901 979 est,
932 927 1068 966 infelix
1100 939 1223 979 cura,
1255 927 1397 980 libelli,

320 986 475 1036 Ingenio
508 987 609 1037 perii
640 987 707 1036 qui
738 987 858 1024 miser
888 987 971 1036 ipse
1004 983 1125 1024 meo?

321 1044 399 1083 Cur
431 1044 545 1082 modo
578 1044 776 1082 damnatas
807 1049 942 1095 repeto
962 1074 973 1095 ,
1004 1056 1089 1082 mea
1121 1045 1283 1083 crimina
1303 1075 1313 1094 ,
1345 1042 1510 1084 Musas?

321 1103 377 1140 An
411 1103 530 1141 semel
562 1108 622 1141 est
652 1114 816 1153 poenam
849 1104 1129 1141 commeruisse
1160 1100 1333 1153 parum?

281 1169 300 1200 5
322 1161 500 1199 Carmina
532 1161 738 1211 fecerunt,
776 1166 821 1199 ut
852 1172 913 1199 me
946 1172 1182 1210 cognoscere
1214 1160 1329 1199 vellet

321 1219 458 1258 Omine
492 1231 570 1257 non
603 1220 729 1257 fausto
762 1219 905 1257 femina
936 1220 1073 1269 virque
1106 1230 1216 1258 meo:

322 1277 500 1315 Carmina
533 1277 740 1328 fecerunt,
772 1282 815 1315 ut
845 1288 907 1314 me
939 1288 1147 1327 moresque
1181 1282 1334 1317 notaret

320 1336 399 1373 Iam
432 1335 589 1373 demum
620 1336 700 1373 visa
732 1334 873 1373 Caesar
905 1333 951 1372 ab
983 1335 1076 1373 Arte
1108 1346 1215 1373 mea.

321 1393 439 1431 Deme
472 1393 566 1431 mihi
598 1393 799 1444 studium,
838 1394 936 1431 vitae
969 1404 1124 1444 quoque
1157 1394 1319 1432 crimina
1351 1393 1506 1433 demes.

258 1461 300 1490 10
322 1454 535 1502 Acceptum
568 1451 696 1489 refero
729 1450 907 1489 versibus
926 1482 937 1502 ,
969 1462 1055 1489 esse
1086 1463 1255 1490 nocens.

322 1510 404 1548 Hoc
435 1511 607 1560 pretium
639 1521 756 1547 curae
787 1508 1110 1559 vigilatorumque
1142 1509 1320 1548 laborum

322 1568 533 1619 Cepimus.
578 1569 734 1618 ingenio
767 1573 827 1605 est
858 1579 982 1618 poena
1014 1573 1169 1618 reperta
1201 1580 1310 1606 meo.

323 1626 365 1664 Si
396 1638 572 1676 saperem
592 1657 602 1677 ,
634 1625 768 1664 doctas
799 1625 968 1664 odissem
1000 1627 1086 1664 iure
1119 1637 1299 1678 sorores,

321 1684 490 1722 Numina
522 1683 664 1722 cultori
696 1685 916 1734 perniciosa
947 1695 1041 1721 suo.

260 1751 301 1781 15
323 1743 370 1780 At
404 1754 508 1780 nunc
534 1763 592 1768 —
622 1747 728 1780 tanta
761 1753 848 1779 meo
882 1753 1012 1779 comes
1045 1747 1106 1780 est
1136 1743 1287 1779 insania
1319 1740 1456 1780 morbo
1483 1761 1533 1769 —-

324 1800 421 1838 Saxa
453 1800 596 1837 malum
627 1800 757 1838 refero
788 1811 928 1837 rursus
960 1799 1005 1836 ad
1038 1800 1111 1837 ista
1142 1798 1305 1849 pedem:

324 1858 482 1896 Scilicet
513 1863 557 1896 ut
588 1859 712 1895 victus
745 1858 889 1907 repetit
919 1856 1106 1907 gladiator
1137 1857 1346 1909 harenam,

323 1916 372 1955 Et
403 1915 505 1954 redit
536 1917 576 1954 in
608 1915 774 1953 tumidas
806 1915 992 1964 naufraga
1022 1916 1165 1966 puppis
1196 1927 1338 1965 aquas.

323 1974 529 2025 Forsitan,
561 1978 605 2012 ut
636 1972 829 2023 quondam
863 1972 1117 2011 Teuthrantia
1148 1985 1268 2023 regna
1299 1974 1472 2026 tenenti,

260 2041 302 2072 20
325 2033 389 2071 Sic
421 2032 515 2070 mihi
547 2026 610 2070 res
642 2031 776 2069 eadem
809 2030 948 2069 vulnus
981 2043 1174 2082 opemque
1207 2032 1328 2083 feret,

323 2090 511 2141 Musaque
530 2122 541 2142 ‚
574 2101 689 2140 quam
719 2090 865 2140 movit,
904 2094 1048 2127 motam
1081 2101 1236 2139 quoque
1268 2089 1388 2127 leniet
1417 2090 1539 2129 iram:

323 2148 495 2187 Exorant
526 2159 686 2199 magnos
719 2148 889 2186 carmina
921 2159 1034 2198 saepe
1068 2147 1186 2185 deos.

324 2207 411 2257 lpse
444 2219 600 2257 quoqne
632 2207 821 2244 Ausonias
854 2204 994 2243 Caesar
1026 2211 1248 2256 matresque
1283 2216 1486 2255 nurusque

324 2264 501 2303 Carmina
534 2266 751 2315 turrigerae
784 2263 913 2302 dicere
945 2265 1060 2302 iussit
1092 2263 1188 2314 Opi.

260 2332 303 2361 25
324 2322 496 2361 Iusserat
527 2328 566 2361 et
597 2322 755 2361 Phoebo
788 2322 887 2373 dici,
920 2333 995 2372 quo
1028 2327 1203 2373 tempore
1235 2321 1347 2360 ludos
