1570 2527
578 138 638 170 IV.
666 146 726 170 ΧΠ
749 139 919 170 19-Χ1Π
939 138 995 169 35.
1371 133 1454 175 207

721 269 848 316 ΧΙΠ.

231 364 263 404 Ο
295 364 393 403 mihi
424 376 502 403 non
536 363 676 402 dubios
707 364 811 402 inter
842 362 1093 402 memorande
1128 361 1301 412 sodales,

291 423 366 469 Qui
399 423 502 474 quod
537 435 607 474 es,
640 422 678 460 id
712 434 831 474 vere,
865 421 960 461 Care
981 454 991 474 ,
1023 423 1173 460 vocaris
1193 453 1203 472 ,
1236 432 1326 458 ave.

231 481 342 521 Unde
375 482 558 520 saluteris
577 513 587 533 ,
622 481 728 519 color
760 481 824 519 hic
857 481 927 519 tibi
959 482 1141 531 protinus
1173 479 1290 518 index

290 540 340 580 Et
372 546 570 579 structura
604 542 680 579 mei
713 541 896 578 carminis
931 552 1016 578 esse
1049 545 1202 590 potest.

191 607 211 639 5
231 599 318 638 Non
351 601 440 651 quia
473 600 636 637 mirifica
670 605 758 650 est,
791 599 858 637 sed
890 599 992 649 quod
1026 610 1098 636 nec
1131 597 1285 649 publica
1325 600 1456 634 certe:

292 658 424 704 Qualis
458 659 560 696 enim
594 670 762 708 cumque
797 663 883 710 est,
916 669 994 695 non
1028 657 1120 695 latet
1153 668 1237 694 esse
1271 666 1419 693 meam.

231 716 319 768 Ipse
353 729 538 768 quoque,
571 722 615 756 ut
646 716 804 756 titulum
838 716 994 755 chartae
1028 716 1074 754 de
1109 716 1236 754 fronte
1270 712 1458 765 revellas,

292 776 404 821 Quod
438 778 488 814 sit
520 787 647 827 opus,
680 776 815 813 videor
848 775 979 814 dicere
1012 786 1127 825 posse
1147 806 1157 825 ,
1190 779 1325 812 tuum.

234 833 455 879 Quamlibet
487 835 527 872 in
560 833 692 872 multis
726 835 878 884 positus
910 845 1075 872 noscere
1108 832 1271 883 libellis,

169 901 212 932 10
290 893 445 944 Perque
479 892 704 931 observatas
736 893 938 930 inveniere
970 897 1105 930 notaS.

231 951 405 990 Prodent
437 957 637 990 auctorem
670 952 796 999 vires,
830 963 927 1002 quas
959 949 1129 989 Hercule
1163 949 1297 1001 dignas

291 1010 477 1049 Novimus
511 1016 627 1062 atque
660 1010 744 1062 illi,
778 1022 893 1061 quem
928 1010 1064 1061 canis,
1099 1020 1184 1048 esse
1217 1019 1355 1059 pares.

232 1069 282 1108 Et
312 1082 399 1108 mea
430 1069 540 1108 Musa
572 1075 702 1121 potest
733 1070 894 1120 proprio
928 1069 1120 1120 deprensa
1153 1067 1310 1118 colore,

292 1128 460 1179 Insignis
492 1130 595 1167 vitiis
629 1129 791 1166 forsitan
825 1139 910 1166 esse
945 1129 1050 1166 suis.

172 1195 213 1226 15
235 1187 328 1226 Tam
363 1187 460 1226 mala
493 1187 703 1225 Thersiten
735 1186 966 1238 prohibebat
999 1187 1121 1224 forma
1154 1185 1304 1237 latere,
1380 1192 1458 1222 (138)

293 1246 417 1291 Quam
449 1245 612 1296 pulchra
646 1245 788 1284 Nireus
822 1245 1124 1296 conspiciendus
1157 1249 1262 1283 erat.

233 1305 314 1344 Nec
346 1310 384 1343 te
417 1306 581 1356 mirari,
615 1306 647 1343 si
679 1305 757 1342 sint
789 1305 954 1355 vitiosa,
988 1302 1143 1342 decebit

293 1363 501 1416 Carmina,
535 1375 633 1414 quae
667 1363 804 1402 faciam
837 1374 959 1414 paene
994 1367 1106 1413 poeta
1140 1361 1278 1400 Getes.

234 1422 287 1462 A!
319 1423 470 1474 pudet,
503 1428 543 1461 et
574 1421 708 1461 Getico
743 1423 883 1472 scripsi
916 1433 1095 1459 sermone
1129 1419 1325 1470 libellum,

169 1490 214 1522 20
295 1481 532 1532 structaque
566 1486 658 1520 sunt
690 1482 837 1519 nostris
869 1479 1033 1518 barbara
1065 1478 1182 1518 verba
1215 1479 1362 1517 modis.

235 1540 284 1579 Et
316 1540 467 1591 placui,
493 1562 540 1567 -
560 1547 713 1590 gratare
747 1539 841 1577 mihi
867 1561 913 1566 —-
940 1540 1128 1590 coepique
1161 1542 1298 1590 poetae

294 1599 402 1638 Inter
434 1599 667 1637 inhumanos
701 1610 843 1636 nomen
876 1597 1019 1636 habere
1053 1597 1190 1636 Getas.

235 1657 436 1697 Materiam
470 1659 626 1709 quaeris
646 1654 667 1696 ἵ)
711 1656 844 1696 laudes
878 1657 924 1695 de
959 1656 1122 1695 Caesare
1155 1656 1257 1694 dixi.

295 1717 437 1756 Adiuta
470 1722 529 1756 est
560 1718 709 1755 novitas
743 1717 902 1754 numine
935 1721 1069 1754 nostra
1102 1714 1186 1754 dei.

171 1783 215 1816 25
234 1775 331 1815 Nam
363 1777 485 1826 patris
516 1775 683 1826 Augusti
716 1774 829 1813 docui
862 1774 1025 1813 mortale
1059 1774 1180 1813 fuisse

295 1834 476 1886 Corpus,
508 1836 547 1873 in
581 1834 774 1873 aetherias
805 1846 952 1872 numen
985 1833 1112 1872 abisse
1145 1833 1304 1872 domos:

235 1893 333 1933 Esse
364 1905 500 1945 parem
532 1894 677 1932 virtute
709 1894 840 1944 patri,
874 1894 942 1944 qui
974 1892 1083 1931 frena
1115 1897 1274 1943 rogatus

297 1952 419 2003 Saepe
452 1954 623 1991 recusati
657 1953 806 2003 ceperit
837 1952 1015 2003 imperii.

236 2010 334 2050 Esse
366 2010 597 2062 pudicarum
630 2015 668 2049 te
701 2009 886 2062 Vestam,
919 2009 1055 2060 Livia,
1088 2015 1280 2060 matrum,

172 2079 216 2110 30
296 2069 561 2122 Ambiguum,
593 2075 682 2108 nato
717 2069 899 2120 dignior,
933 2079 1032 2106 anne
1065 2069 1174 2106 viro.

236 2128 334 2168 Esse
367 2129 465 2168 duos
498 2130 659 2168 iuvenes
679 2160 689 2180 ,
721 2128 831 2166 firma
864 2127 1087 2166 adiumenta
1117 2127 1316 2178 parentis,

297 2187 373 2234 Qui
405 2187 586 2227 dederint
617 2188 735 2226 animi
766 2188 929 2238 pignora
962 2190 1068 2225 certa
1101 2187 1188 2224 sui.

235 2247 341 2286 Haec
372 2246 440 2286 ubi
472 2259 549 2286 non
582 2248 705 2299 patria
738 2245 888 2297 perlegi
920 2246 1065 2296 scripta
1097 2243 1286 2296 Camena,

296 2305 410 2345 Venit
441 2314 480 2345 et
511 2306 557 2345 ad
592 2306 734 2357 digitos
765 2304 901 2344 ultima
934 2303 1066 2343 charta
1098 2314 1230 2355 meos,

173 2373 216 2404 35
237 2364 286 2403 Et
319 2370 436 2416 caput
468 2371 507 2404 et
537 2365 672 2416 plenas
706 2376 841 2403 omnes
873 2374 1031 2403 movere
1064 2361 1290 2415 pharetraS,
