1570 2527
143 150 228 191 230
677 150 929 183 FASTORUM

173 267 239 299 600
319 259 421 304 Quot
453 270 615 297 numero
647 263 783 309 gentes
814 259 1003 296 maximus
1035 257 1142 297 orbi-s
1173 257 1316 296 habet.

259 317 314 356 Ex
348 329 424 355 uno
458 316 612 367 quidam
645 316 819 355 celebres
851 322 916 355 aut
947 317 1099 367 torquis
1131 315 1321 367 adempti,

319 376 394 413 Aut
426 376 533 413 corvi
564 374 697 413 titulos
729 374 924 414 auxiliaris
956 374 1121 413 habent.

261 433 424 484 Magne,
457 438 568 472 tuum
599 445 741 471 nomen
774 445 905 471 rerum
939 438 998 471 est
1029 444 1211 472 mensura
1244 438 1422 471 tuarum:

319 491 394 529 Sed
427 493 495 542 qui
526 497 563 530 te
596 493 714 542 vicit,
747 492 902 529 nomine
936 492 1057 529 maior
1088 496 1193 529 erat.

174 557 239 589 605
260 549 339 588 Nec
371 549 513 600 gradus
546 555 605 588 est
636 549 736 588 ultra
769 548 907 587 Fabios
941 550 1182 598 cognominis
1214 547 1338 587 ullus:

318 607 383 646 llla
417 608 554 646 domus
587 608 736 646 meritis
769 606 932 645 Maxima
964 606 1066 645 dicta
1098 608 1202 645 suis.

262 665 338 704 Sed
369 671 498 705 tamen
529 665 709 704 humanis
741 664 990 704 celebrantur
1020 664 1234 704 honoribus
1266 676 1422 716 omnes,

318 723 389 762 Hic
421 724 570 763 socium
603 735 753 762 summo
785 735 872 762 oum
905 723 993 761 Iove
1026 735 1166 762 nomen
1199 723 1335 762 habet.

261 781 400 821 Sancta
432 788 570 821 vocant
601 788 763 833 augusta
794 787 948 833 patres:
992 786 1155 832 augusta
1186 786 1373 820 vocantur

174 849 239 880 610
318 840 476 892 Templa
508 840 754 879 sacerdotum
785 841 859 879 rite
891 839 1016 878 dicata
1048 852 1190 878 manu.

260 898 384 937 Huius
417 905 455 937 et
486 900 692 948 augurium
724 898 917 949 dependet
948 899 1097 948 origine
1129 897 1260 948 verbi,

318 956 367 995 Et
399 957 671 1008 quodcumque
705 969 774 995 sua
804 956 978 1008 Iuppiter
1010 962 1126 1007 auget
1156 968 1252 1007 ope.

259 1014 407 1066 Augeat
438 1017 645 1067 imperium
677 1016 802 1053 nostri
833 1014 944 1053 ducis
963 1046 973 1066 ‚
1005 1020 1142 1065 augeat
1173 1026 1318 1066 annos,

318 1073 501 1124 Protegat
533 1081 571 1112 et
603 1080 750 1112 vestras
783 1085 931 1124 querna
963 1084 1105 1111 corona
1138 1073 1265 1111 sores:

174 1139 240 1170 615
262 1131 574 1182 Auspicibusque
607 1131 689 1169 deis
721 1132 819 1169 tanti
849 1132 1090 1181 cognominis
1123 1130 1237 1169 heres

319 1189 455 1228 Omine
488 1190 676 1240 suscipiat
707 1201 783 1240 quo
815 1194 955 1240 pater,
987 1188 1093 1227 orbis
1126 1200 1248 1227 onus.

664 1279 727 1321 15.
760 1278 797 1320 G
829 1277 955 1321 CAR

259 1364 457 1415 Respiciet
487 1364 600 1403 Titan
632 1369 736 1402 actas
769 1362 835 1402 ubi
867 1364 1007 1402 tertius
1039 1362 1152 1414 Idus,

318 1422 431 1461 Fient
462 1422 689 1461 Parrhasiae
722 1433 829 1460 sacra
861 1421 981 1460 relata
1012 1421 1131 1459 deae.

260 1480 355 1519 Nam
387 1482 497 1531 prius
528 1480 718 1519 Ausonias
751 1485 895 1518 matres
926 1485 1110 1530 carpenta
1142 1477 1354 1517 vehebant:

174 1547 240 1578 620
320 1538 423 1577 Haec
456 1551 611 1590 quoque
643 1538 690 1577 ab
722 1537 891 1576 Evandri
923 1537 1023 1576 dicta
1054 1542 1215 1588 parente
1246 1548 1358 1575 reor.

260 1596 347 1635 Mox
379 1597 504 1635 honor
536 1598 729 1649 eripitur,
762 1602 1014 1647 matronaque
1047 1596 1215 1634 destinat
1245 1596 1370 1633 omnis

319 1655 493 1706 Ingratos
525 1655 629 1694 nulla
660 1655 768 1705 prole
802 1667 942 1693 novare
974 1655 1102 1693 viros:

263 1712 366 1751 Neve
399 1713 507 1752 daret
538 1719 701 1764 partus,
733 1715 814 1751 ictu
847 1713 1050 1751 temeraria
1083 1723 1196 1750 caeco

319 1770 543 1809 Visceribus
575 1783 757 1809 crescens
789 1770 1009 1808 excutiebat
1040 1782 1160 1808 onus.

174 1836 240 1869 625
261 1829 505 1880 Corripuisse
538 1834 668 1879 patres
700 1840 812 1867 ausas
843 1829 1005 1866 immitia
1037 1832 1201 1878 nuptas,

319 1887 382 1925 Ius
414 1892 544 1925 tamen
576 1892 797 1937 exemptum
830 1887 1048 1924 restituisse
1081 1885 1236 1923 serunt:

260 1945 433 1996 Binaque
466 1957 569 1984 nunc
602 1946 748 1995 pariter
779 1944 975 1994 Tegeaeae
1008 1955 1116 1981 sacra
1147 1944 1299 1994 parenti

319 2003 394 2042 Pro
426 2005 560 2055 pueris
591 2003 676 2041 fieri
706 2001 1000 2053 virginibusque
1032 2001 1191 2040 iubent.

262 2061 421 2100 Scortea
454 2073 531 2100 non
563 2061 618 2099 illi
650 2061 706 2099 sas
738 2066 797 2099 est
828 2060 972 2098 inferre
1005 2059 1168 2111 sacello,

174 2128 240 2158 630
319 2119 374 2158 Ne
407 2119 550 2158 violent
580 2131 701 2170 puros
733 2120 945 2157 exanimata
979 2117 1106 2156 focos.

262 2177 392 2228 Siquis
424 2189 528 2216 amas
560 2183 713 2216 veteres
744 2178 872 2228 ritus,
905 2175 1047 2214 adsiste
1079 2176 1278 2226 precanti:

319 2235 482 2274 Nomina
513 2237 706 2286 percipies
738 2246 815 2273 non
848 2234 918 2274 tibi
949 2239 1039 2272 nota
1070 2235 1201 2284 prius.

262 2293 437 2332 Porrima
469 2293 643 2345 placatur
674 2293 952 2344 Postvertaque
971 2324 981 2343 ‚
1015 2293 1094 2330 sive
1127 2303 1298 2342 sorores,

321 2350 407 2389 Sive
440 2352 552 2403 fugae
585 2352 746 2390 comites
765 2382 776 2403 ‚
807 2349 967 2389 Maenali
1000 2349 1113 2401 diva,
1146 2356 1259 2388 tuae.
