1570 2527
142 125 228 166 228
683 127 935 159 FASTORUM

258 235 428 285 Tempus
461 236 564 285 erit,
597 246 685 273 oum
719 245 786 272 vos
819 233 1030 285 orbemque
1063 234 1239 274 tuebitur
1270 235 1397 287 idem,

171 301 237 332 530
317 292 365 331 Et
396 293 490 331 fient
520 294 605 343 ipso
638 304 745 330 saera
779 291 929 331 colente
962 293 1057 331 deo:

258 351 305 388 Et
334 362 453 400 penes
485 350 682 400 Augustos
714 351 861 400 patriae
893 350 1013 389 tutela
1046 350 1237 389 manebit.

318 408 424 446 Hanc
457 408 513 446 sas
545 410 699 458 imperii
731 409 838 446 frena
871 414 1006 447 tenere
1039 409 1221 447 domum.

259 466 352 504 Inde
385 478 505 517 nepos
538 472 729 517 natusque
762 467 853 517 dei,
885 466 976 505 lieet
1006 468 1090 517 ipse
1123 473 1302 519 recuset,

318 524 496 563 Pondera
527 524 685 563 caelesti
718 530 846 563 mente
878 529 1037 575 paterna
1068 525 1190 563 seret.

174 592 240 623 535
261 582 387 633 thue
420 595 490 633 ego
522 584 722 634 perpetuis
754 582 844 621 olim
877 582 1059 621 sacrabor
1090 583 1130 621 in
1162 583 1263 634 aris,

319 641 382 679 Sic
414 641 588 691 Augusta
621 653 761 679 novum
793 640 888 679 Iulia
921 653 1064 679 numen
1097 637 1215 679 erit.'

261 698 418 737 Talibus
450 705 492 738 ut
524 699 638 738 dictis
670 705 826 737 nostros
859 699 1061 737 descendit
1091 700 1132 737 in
1165 711 1308 751 annos,

320 757 503 796 Substitit
533 759 571 795 in
604 757 751 795 medios
783 759 957 807 praescia
989 757 1119 808 lingua
1152 769 1290 796 sonos.

261 815 462 866 Puppibus
495 827 676 866 egressus
708 815 815 854 Latia
847 817 954 854 stetit
987 815 1075 854 exul
1106 817 1156 854 in-
1177 815 1319 855 herba.

174 881 241 912 540
321 874 457 926 Felix,
490 874 646 912 exilium
679 875 742 912 oui
773 874 882 912 locus
912 873 976 912 ille
1009 873 1104 912 fuit!

262 931 341 970 Nec
367 943 475 970 mora
500 932 612 982 longa
638 932 711 970 fuit
727 962 736 979 ,
769 931 922 970 stabant
946 943 1043 970 nova
1068 937 1170 970 tecta
1190 963 1200 982 ‚
1226 943 1353 983 neque
1377 931 1474 971 alter

320 990 516 1028 Montibus
549 991 730 1028 Ausoniis
762 990 909 1028 Arcade
941 991 1063 1028 maior
1096 995 1204 1028 erat.

262 1048 363 1087 Ecce
395 1048 512 1086 hoves
543 1047 635 1086 illuo
667 1048 896 1098 Erytheidas
929 1048 1094 1099 applicat
1125 1047 1240 1086 heros

320 1105 513 1144 Emensus
544 1106 648 1156 longi
680 1106 847 1156 claviger
878 1106 984 1144 orbis
1015 1107 1113 1144 iter.

176 1173 241 1204 545
263 1164 439 1214 Dumque
466 1164 558 1202 huic
583 1164 795 1214 hospitium
820 1164 957 1202 domus
985 1169 1045 1202 est
1069 1163 1266 1216 Tegeaea,
1289 1169 1475 1215 vagantur

322 1222 583 1261 Incustoditae
615 1222 714 1260 laeta
745 1234 815 1273 per
847 1234 936 1260 arva
966 1221 1107 1260 boves.

264 1280 372 1318 Mane
406 1285 518 1318 erat:
562 1291 751 1318 excussus
783 1292 918 1318 somno
951 1279 1178 1331 Tirynthius
1211 1285 1318 1319 actor

322 1338 375 1376 De
409 1350 571 1377 numero
604 1344 736 1376 tauros
769 1339 887 1376 sentit
918 1337 1052 1376 abesse
1084 1337 1207 1376 duos.

263 1396 373 1435 Nulla
405 1396 510 1435 videt
541 1408 733 1447 quaerens
765 1397 872 1434 taciti
903 1397 1065 1447 vestigia
1095 1397 1213 1435 furti:

177 1463 243 1494 550
323 1454 511 1493 Traxerat
542 1466 696 1492 aversos
729 1453 852 1493 Cacus
883 1456 923 1492 in
955 1460 1065 1493 antra
1096 1454 1224 1493 seros:

266 1512 418 1564 Cacus,
450 1512 661 1551 Aventinae
692 1514 809 1550 timor
841 1518 957 1563 atque
988 1513 1144 1550 infamia
1175 1512 1315 1564 silvae,

324 1570 410 1609 Non
442 1570 523 1609 leve
556 1570 729 1609 finitimis
761 1570 1057 1622 hospitibusque
1089 1569 1254 1609 malum.

266 1629 355 1667 Dira
387 1630 469 1667 viro
502 1629 648 1680 facies,
682 1630 784 1667 vires
815 1641 886 1679 pro
919 1640 1112 1680 corpore,
1144 1640 1287 1680 corpus

324 1687 500 1725 Grande:
533 1692 642 1737 pater
673 1689 838 1725 monstri
868 1686 1057 1726 Mulciber
1087 1686 1205 1725 huius
1237 1693 1342 1726 erat:

182 1753 248 1783 555
269 1745 423 1794 Proque
455 1745 568 1782 domo
600 1745 724 1794 longis
756 1745 940 1796 spelunca
972 1745 1193 1784 recessibus
1224 1746 1361 1796 ingens

325 1802 462 1840 Abdita
481 1833 491 1853 ‚
525 1804 584 1840 vix
616 1804 712 1852 ipsis
743 1802 972 1840 invenienda
1005 1803 1121 1841 feris.

266 1860 343 1899 Ora
374 1872 492 1910 super
523 1866 655 1911 postes
688 1860 876 1911 affixaque
908 1859 1066 1898 brachia
1097 1860 1290 1913 pendent,

327 1918 586 1968 Squalidaque
618 1918 796 1956 humanis
829 1917 982 1956 ossibus
1014 1918 1116 1957 albet
1146 1919 1311 1957 liumus.

271 1975 430 2014 Servata
461 1976 559 2014 male
591 1982 700 2027 parte
732 1975 851 2015 houm
882 1975 969 2015 Iove
1002 1983 1116 2015 natus
1148 1976 1302 2016 abibas:

181 2043 246 2073 560
326 2034 514 2085 Mugitum
547 2046 664 2073 rauco
696 2035 799 2073 furta
831 2034 973 2073 dedere
1006 2046 1124 2073 sono.

269 2089 440 2142 ‘Accipio
473 2089 723 2131 revocamen'
759 2094 833 2144 ait,
864 2104 1076 2143 vocemque
1110 2098 1268 2132 secutus

325 2150 445 2201 Impia
477 2163 547 2201 per
578 2151 692 2189 silvas
724 2152 846 2189 victor
878 2150 923 2188 ad
956 2157 1065 2189 antra
1096 2152 1222 2190 venit.

267 2207 333 2246 Ille
366 2208 511 2247 aditum
544 2209 657 2247 fracti
688 2214 980 2259 praestruxerat
1012 2208 1122 2247 obice
1155 2210 1319 2261 montis,

326 2265 394 2304 Vix
428 2268 517 2317 iuga
549 2269 760 2306 movissent
791 2268 962 2318 quinque
995 2266 1054 2305 bis
1085 2267 1179 2306 illud
1211 2279 1331 2318 opus.

181 2331 247 2362 565
268 2322 413 2362 Nititur
444 2324 508 2364 hic
539 2327 713 2376 umeris,
732 2346 779 2352 —-
798 2324 947 2364 caelum
977 2337 1131 2375 quoque
1164 2325 1317 2364 sederat
1342 2325 1478 2364 illis—-
