1570 2527
563 76 591 111 1.
617 84 652 109 11
671 78 815 109 44—111
833 78 866 110 4.
1369 76 1392 116 7

170 183 283 230 Quod
310 184 442 224 faciles
469 190 561 236 opto
593 190 730 223 ventos
750 216 760 237 ,
790 206 842 212 —
867 186 954 236 quis
988 184 1151 224 credere
1179 191 1316 237 posset
1338 207 1393 213 —

171 242 358 282 sarmatis
391 248 452 283 est
482 242 627 295 tellus,
661 255 776 294 quam
809 256 894 282 mea
926 243 1008 282 vela
1039 249 1201 294 petunt.

169 301 330 353 Obligor
348 333 360 354 ‚
391 307 436 341 ut
467 307 622 353 tangam
654 301 752 340 laevi
784 302 865 340 sera
897 302 1011 341 litora
1044 301 1179 354 Ponti;

169 359 361 412 Quodque
394 362 444 400 sit
475 373 496 399 a
527 362 651 412 patria
683 366 761 399 tam
794 361 884 412 suga
916 360 1052 412 tarda,
1087 373 1255 411 queror.

105 425 149 456 85
168 418 308 458 Nescio
341 431 418 470 quo
451 418 602 458 videam
633 420 782 470 positos
814 425 858 458 ut
889 421 929 458 in
963 419 1056 458 orbe
1089 418 1284 472 Tomitas,

169 476 319 516 Exilem
351 478 449 517 facio
482 490 553 529 per
585 490 670 516 mea
701 483 789 516 vota
820 479 942 516 viam.

171 535 248 574 Seu
279 548 342 575 me
374 536 553 589 diligitis,
585 541 714 575 tantos
746 538 970 587 conpescite
1004 536 1171 589 fluctus,

169 594 375 645 Pronaque
408 597 486 634 sint
516 600 675 634 nostrae
706 597 866 634 numina
898 601 1027 634 vestra
1059 597 1155 647 rati3

170 651 248 691 Seu
279 654 400 703 magis
433 653 569 692 odistis
588 685 599 706 ‚
630 655 759 692 iussae
792 666 854 692 me
887 654 1075 692 advertite
1108 660 1261 694 terrae:

102 718 148 749 90
171 710 359 762 Supplicii
390 723 482 762 pars
515 716 574 750 est
605 713 645 750 in
677 714 838 762 regione
871 714 969 752 mei.

168 768 197 807 F
201 775 355 807 erte—
371 769 465 821 quid
490 769 554 808 hic
575 770 673 808 facio
694 767 715 809 P
731 792 788 797 —-
808 770 934 821 rapidi
959 782 1045 808 mea
1072 783 1236 822 corpora
1262 770 1392 811 venti!

167 827 360 867 Ausonios
391 828 489 867 fines
521 840 592 867 cur
623 840 709 867 mea
740 829 823 868 vela
854 826 1024 872 volunt?

166 885 301 925 Noluit
326 886 400 925 hoc
427 886 595 925 Caesar.
648 887 743 938 quid
760 919 771 940 ‚
806 899 922 939 quem
950 888 1058 938 fugat
1087 887 1151 926 ille
1170 919 1182 940 7
1214 886 1393 927 tenetis?

168 945 340 996 Aspiciat
371 945 501 984 vultus
533 945 695 984 Pontica
726 951 832 984 terra
863 958 995 985 meos.

103 1011 146 1041 95
168 1003 217 1042 Et
247 1003 357 1042 iubet
389 1009 428 1043 et
459 1006 615 1043 merui.
665 1017 738 1043 nec
756 1036 767 1057 ‚
801 1017 898 1056 quae
933 1005 1173 1043 damnaverit
1203 1004 1291 1056 ille,

168 1061 338 1100 Crimina
371 1062 527 1101 defendi
559 1064 694 1114 sasque
726 1065 914 1114 piumque
946 1070 1066 1115 put0.
1298 1064 1302 1069 ’

168 1120 209 1159 Si
240 1126 371 1159 tamen
403 1127 487 1160 acta
519 1121 613 1160 deos
646 1134 857 1172 numquam
890 1122 1068 1161 mortalia
1100 1122 1261 1174 fallunt,

166 1180 197 1217 A
231 1179 344 1231 culpa
376 1179 526 1218 facinus
559 1182 667 1219 scitis
700 1180 836 1219 abesse
868 1193 976 1220 mea.

166 1237 288 1276 Immo
320 1240 401 1290 ita,
435 1240 468 1277 si
500 1240 608 1278 scitis
627 1270 638 1290 ‚
671 1241 704 1278 si
736 1251 798 1278 me
830 1252 941 1278 meus
975 1238 1135 1278 abstulit
1167 1251 1303 1291 error,

80 1304 146 1335 100
167 1296 372 1348 Stultaque
404 1309 515 1336 mens
548 1297 661 1336 nobis
679 1329 689 1350 7
723 1310 801 1337 non
834 1297 1024 1337 scelerata
1056 1299 1158 1336 fuit:

168 1355 281 1400 Quod
314 1355 406 1394 licet
437 1361 476 1394 et
508 1358 678 1395 minimis
698 1388 708 1408 ‚
742 1356 876 1395 domui
908 1358 941 1394 si
973 1357 1137 1394 favimus
1170 1355 1242 1408 illi,

169 1413 210 1451 Si
242 1415 335 1452 satis
368 1414 534 1464 Augusti
565 1414 721 1465 publica
752 1416 859 1453 iussa
891 1414 1010 1453 mihi:

167 1471 249 1510 Hoc
282 1471 381 1510 duce
415 1474 448 1510 si
479 1472 558 1510 dixi
590 1473 716 1511 felicia
749 1473 932 1524 saecula,
964 1485 1116 1524 proque

168 1529 333 1569 Caesare
364 1536 453 1569 tura
484 1532 559 1582 piis
592 1531 902 1582 Caesaribusque
936 1531 1047 1570 dedi:

81 1596 146 1627 105
169 1588 210 1627 Si
242 1589 317 1627 fuit
347 1588 411 1627 hic
444 1591 596 1628 animus
629 1589 741 1628 nobis
760 1622 770 1641 ,
801 1592 854 1628 ita
885 1591 1034 1641 parcite
1068 1588 1169 1629 divi!

167 1646 208 1685 Si
240 1648 398 1699 minus,
431 1648 505 1686 alta
537 1648 680 1686 cadens
713 1648 854 1687 obruat
883 1648 987 1687 unda
1021 1647 1159 1700 caput!

166 1705 293 1744 Fallor
311 1737 321 1758 ,
354 1718 402 1745 an
434 1707 628 1758 incipiunt
659 1707 840 1757 gravidae
872 1719 1083 1746 vanescere
1117 1706 1266 1760 nubes,

166 1763 353 1816 Victaque
386 1767 526 1804 mutati
556 1766 749 1816 frangitur
782 1766 886 1804 unda
918 1764 1071 1805 maris?

163 1822 250 1861 Non
283 1822 404 1862 casu!
449 1836 518 1862 vos
551 1823 618 1863 sed
653 1824 725 1863 sub
759 1825 989 1863 condicione
1024 1827 1171 1877 vocati,

80 1889 144 1921 110
165 1880 315 1921 Fallere
349 1894 446 1933 quos
478 1894 557 1921 non
591 1888 678 1935 est,
710 1883 811 1922 hanc
843 1883 939 1922 1111111
970 1883 1082 1923 fertis
1115 1896 1240 1935 opem.

675 2011 757 2060 III.

165 2114 263 2154 Cum
297 2115 402 2155 subit
433 2116 538 2156 illius
570 2118 795 2156 tristissima
828 2118 956 2156 noctis
988 2118 1134 2170 imago,

166 2173 250 2218 Qua
281 2175 377 2213 mihi
409 2187 638 2227 supremum
670 2181 826 2227 tempus
858 2177 898 2214 in
930 2175 1034 2215 Urbe
1067 2177 1164 2228 fuit,

168 2231 264 2270 Cum
295 2240 432 2285 repeto
464 2240 620 2273 noctem
640 2265 651 2286 ‚
684 2246 759 2285 qua
792 2240 850 2273 tot
880 2234 976 2273 mihi
1008 2247 1096 2273 cara
1128 2234 1292 2287 reliqui,

168 2288 330 2330 Labitur
362 2304 408 2331 ex
441 2292 565 2331 oculis
597 2304 702 2331 nunc
735 2304 892 2344 quoque
925 2298 1032 2345 gutta
1065 2295 1186 2333 meis.
