1570 2527
115 108 199 151 238
654 110 906 144 FASTORUM

232 218 289 258 Tu
323 220 455 270 rapis,
486 218 548 256 hic
581 223 704 256 castas
737 218 835 256 duce
867 229 908 257 se
941 217 1049 257 iubet
1080 229 1164 257 esse
1198 219 1376 257 maritas:

149 285 212 316 140
292 277 351 316 Tu
384 277 526 327 recipis
558 275 645 315 luco
664 307 675 328 ,
707 275 878 327 reppulit
908 275 970 315 ille
1003 276 1133 315 nefas.

234 335 296 373 Vis
331 334 399 373 tibi
431 340 536 384 grata
570 334 672 373 suit:
715 334 856 373 florent
887 333 959 373 sub
993 333 1155 373 Caesare
1187 334 1314 385 leges.

293 393 350 432 Tu
384 392 529 431 domini
561 404 701 431 nomen
720 424 731 445 ,
762 394 950 444 principis
982 392 1045 431 ille
1078 398 1184 431 tenet
1199 422 1212 432 .,

233 451 287 490 Te
319 450 464 489 Remus
495 452 671 490 incusat:
716 452 864 489 veniam
897 450 1003 489 dedit
1034 450 1211 490 hostibus
1242 450 1327 490 ille.

292 508 505 547 Caelestem
538 509 629 547 fecit
661 514 697 547 te
728 514 838 560 pater
859 539 869 559 ,
899 508 961 547 ille
994 514 1166 560 patrem.

149 575 212 606 145
233 567 311 606 Iam
343 579 441 618 puer
473 566 609 605 Idaeus
642 566 767 605 media
799 572 914 605 tenus
945 568 1091 605 eminet
1122 566 1228 618 alvo,

291 625 340 663 Et
371 625 535 675 liquidas
568 626 686 664 mixto
719 630 875 664 nectare
908 625 1035 664 fundit
1065 637 1207 676 aquaS.

232 683 291 723 En
323 685 436 722 etiam
455 714 466 735 ,
499 684 621 734 siquis
653 682 798 722 borean
830 683 991 722 horrere
1024 682 1195 734 solebat,

293 741 494 780 Gaudeat:
539 754 559 780 a
591 741 770 793 zephyris
803 741 952 780 mollior
984 753 1077 780 aura
1108 743 1235 780 venit,

258 833 294 874 6.
325 831 411 874 EN
474 832 509 873 7.
542 831 624 873 FN
685 833 722 874 8.
755 831 841 873 GN
902 832 939 873 9.
971 831 1063 873 ΗΝ
1127 831 1190 873 10.
1223 830 1311 873 AN

234 916 402 961 Quintus
435 915 480 954 ab
514 918 718 967 aequoreis
749 916 916 955 nitidum
946 915 1058 954 iubar
1091 914 1228 954 extulit
1260 914 1373 954 undis

150 983 213 1013 150
293 973 478 1027 Lucifer,
511 980 550 1012 et
580 975 696 1025 primi
728 980 902 1025 tempora
933 975 1034 1012 veris
1067 978 1182 1012 eunt.

234 1032 290 1071 Ne
322 1032 452 1070 fallare
485 1038 642 1084 tamen,
675 1037 824 1071 restant
857 1032 926 1071 tibi
958 1032 1124 1083 frigora,
1157 1036 1327 1083 restant3

291 1089 505 1142 Magnaque
538 1090 741 1129 discedens
773 1092 881 1142 signa
912 1090 1071 1140 reliquit
1101 1090 1246 1128 hiems.

576 1181 639 1221 11.
671 1179 756 1221 ΒΝ
820 1180 884 1221 12.
916 1178 998 1222 ΟΝ

235 1264 367 1303 Tertia
398 1276 474 1303 nox
506 1265 661 1316 veniat,
695 1263 904 1302 Custodem
939 1265 1118 1314 protinus
1149 1262 1269 1302 Ursae

294 1323 467 1374 Aspicies
499 1324 675 1372 geminos
706 1323 905 1361 exeruisse
937 1321 1077 1373 pedes.

152 1389 216 1420 155
237 1380 343 1419 Inter
375 1380 650 1431 hamadryadas
682 1380 1023 1431 iaculatricemque
1055 1379 1212 1418 Dianam

295 1437 452 1477 Callisto
485 1439 585 1477 sacri
616 1450 706 1489 pars
738 1438 811 1477 suit
842 1450 918 1477 una
950 1437 1082 1476 chori.

194 1534 198 1538 ,
236 1496 302 1535 Illa
334 1497 426 1535 deae
459 1502 621 1547 tangens
653 1508 767 1535 arcus
799 1493 918 1548 ‘quos
950 1498 1142 1547 tangimus
1174 1506 1312 1547 arcus,

295 1554 387 1593 Este
421 1566 527 1593 meae
562 1560 680 1593 testes
712 1551 963 1605 virginitatis'
996 1555 1070 1592 ait.

237 1612 399 1664 Cynthia
431 1612 628 1665 laudavit,
662 1610 972 1664 ‘promissa'que
1005 1609 1183 1650 ‘foedera
1214 1623 1346 1664 serva,

154 1679 216 1710 160
296 1670 344 1709 Et
375 1672 561 1709 comitum
593 1672 775 1723 princeps
809 1677 849 1710 tu
882 1667 995 1708 mihi’
1029 1669 1125 1709 dixit
1155 1666 1299 1709 ‘erisf

238 1728 411 1768 Foedera
443 1734 664 1776 servasset,
697 1730 726 1767 si
761 1741 838 1767 non
871 1729 1038 1766 formosa
1071 1728 1230 1766 fuisset.

297 1786 405 1825 Cavit
435 1785 646 1837 mortales,
679 1786 726 1825 de
758 1786 845 1825 Iove
878 1787 1025 1824 crimen
1058 1785 1194 1823 habet.

238 1844 338 1883 Mille
372 1845 473 1883 feras
504 1843 659 1882 Phoebe
691 1844 797 1882 silvis
829 1849 963 1882 venata
994 1842 1142 1881 redibat

296 1903 372 1941 Aut
404 1902 491 1954 plus
523 1908 588 1941 aut
619 1902 789 1941 medium
822 1901 901 1940 sole
934 1906 1090 1940 tenente
1123 1900 1248 1939 diem.

154 1969 217 2000 165
238 1959 288 2000 Ut
320 1961 446 2011 tetigit
477 1960 636 2012 lucum,
669 1982 712 1987 —
745 1960 863 1999 densa
895 1961 1004 2010 niger
1036 1958 1123 1997 ilice
1155 1958 1289 2009 lucus,

298 2018 341 2057 In
372 2017 499 2057 medio
532 2018 679 2069 gelidae
712 2019 797 2057 fons
831 2023 914 2057 erat
945 2017 1044 2056 altus
1076 2028 1197 2067 aquae
1231 2038 1272 2043 —

240 2073 361 2115 ‘Hae'
395 2078 448 2115 ait
479 2073 540 2114 ‘in
572 2076 692 2128 silva,
727 2078 832 2127 virgo
865 2075 1037 2127 Tegeaea
1062 2107 1072 2127 ,
1103 2071 1318 2113 lavemuri'

297 2134 467 2173 Erubuit
498 2134 592 2173 falso
625 2136 784 2186 virginis
815 2134 877 2173 illa
910 2145 1027 2172 sono.

240 2193 396 2231 Dixerat
428 2198 466 2231 et
497 2192 705 2244 nymphis.
761 2192 949 2244 nymphae
982 2191 1169 2229 velamina
1199 2194 1372 2242 ponunt,

155 2259 219 2289 170
299 2250 405 2289 Hanc
437 2250 586 2303 pudet,
619 2257 657 2289 et
689 2251 819 2289 tardae
851 2250 915 2288 dat
947 2248 1042 2288 mala
1074 2250 1181 2299 signa
1213 2259 1366 2287 morae.

240 2308 411 2347 Exuerat
443 2310 623 2361 tunicas,
658 2311 759 2347 uteri
791 2307 993 2347 manifesta
1023 2312 1175 2346 tumore
