1570 2527
170 117 289 152 XXVI

170 227 343 274 videtur,
386 227 510 265 latere
547 226 692 264 locutio
730 226 826 264 satis
863 226 1028 274 usitata,
1071 226 1152 264 IIII
1189 235 1224 264 11
1258 228 1309 266 13
1347 228 1500 274 frondes

172 289 252 323 erat
283 286 421 323 addere
451 285 565 323 silvis.
716 293 780 323 VII
808 281 861 322 12
889 288 1031 333 puynet
1053 285 1244 323 librorum
1275 285 1425 323 mutavi
1451 285 1500 322 ad

173 344 393 392 exemplum
430 343 511 380 IIII
543 350 647 380 XIIII
687 343 738 381 28
777 343 953 391 pulsetur
996 345 1042 382 ab
1085 343 1195 382 hoste.
1346 339 1400 381 57
1446 343 1502 381 Ni

172 403 368 445 claudum,
406 401 465 439 uti
503 402 562 438 est
592 400 654 438 III
684 409 700 438 1
727 402 779 440 86
822 402 959 440 clauda
990 403 1110 449 officii
1132 413 1248 450 pars,
1280 400 1417 451 putavi
1447 401 1501 438 la-

172 459 294 497 tuisse
326 460 367 497 in
391 460 471 497 Nec
502 456 580 497 tani
603 459 805 496 librorum.
957 456 1011 497 66
1029 461 1118 507 pati
1142 459 1326 497 dederam
1350 458 1500 508 pridem

172 530 242 566 pro
269 519 359 566 dati,
390 518 431 554 in
462 517 564 555 hunc
597 529 764 566 sensum,
796 513 916 555 ‘haud
947 519 1122 566 gravate,
1154 519 1344 567 quantum
1375 517 1499 566 digni-

172 579 233 613 tas
270 577 489 624 pateretur⁷
526 575 630 613 ultro
667 576 814 612 multos
852 571 1108 624 demerebas',
1146 580 1186 613 et
1223 575 1270 613 de
1307 575 1501 613 locutione

172 635 400 671 antestabar
431 633 584 671 Heinsii
614 633 863 683 Adversaria‚
893 646 929 682 p.
958 634 1052 672 537.
1202 642 1286 671 VIII
1317 630 1372 671 23
1405 635 1503 681 quod

173 695 205 729 et
222 695 398 738 praestat
423 692 660 740 explicatum
689 704 768 730 non
798 692 981 730 habebat.
1131 688 1187 729 60
1211 693 1306 730 dare
1334 693 1415 730 iam
1444 691 1501 730 vi—

174 750 319 787 tiosum
344 749 510 798 videtur,
529 762 705 799 poryarn,
731 751 911 788 dirimam
935 762 1014 787 non
1039 749 1295 788 satisfaciunt.
1446 746 1499 788 67

168 811 350 855 petentem
391 808 502 845 libri:
538 811 674 855 potens
708 808 826 856 paulo
869 808 1105 857 singularius
1143 808 1326 857 frequens
1364 809 1426 846 est
1461 807 1502 845 in

172 866 566 914 Metamorphosibus,
598 866 680 903 IIII
715 868 794 904 325
828 866 946 903 XIIII
974 868 1068 905 657.

289 924 374 961 Lib.
395 924 434 961 II
459 933 494 962 11
520 921 574 961 91
608 924 699 961 libri
724 925 821 962 diem
846 936 1031 972 quamque
1057 924 1151 971 (qua
1175 936 1302 971 quam,
1329 925 1499 972 quaqua)

172 983 334 1020 decreta:
367 982 443 1020 fuit
468 980 667 1031 mfixom,
695 982 725 1027 Q
752 982 897 1020 lectum
921 995 991 1031 pro
1019 981 1063 1020 Ο.
1132 979 1245 1020 ‘hanc
1272 981 1374 1020 diem
1399 983 1502 1020 colet

171 1053 265 1088 prae
297 1040 382 1089 illa,
421 1053 498 1089 qua
528 1040 569 1077 in
599 1041 702 1078 bello
734 1040 955 1078 Pannonico
987 1040 1071 1089 ipso
1104 1043 1334 1078 ornamenta
1364 1040 1501 1078 trium-

170 1098 303 1147 phalia
335 1098 491 1136 decreta
522 1094 641 1136 sunt'.
713 1098 896 1147 Graeber,
929 1098 1087 1143 Quaest.
1121 1097 1189 1137 Ov.
1210 1113 1246 1148 p.
1266 1107 1358 1137 XIX.

294 1165 364 1194 1111
387 1154 409 1194 7
431 1157 762 1206 Hamburgensis:
782 1160 929 1195 nostros
948 1160 1013 1195 tua
1035 1169 1074 1195 .e.
1095 1160 1160 1195 tua
1179 1168 1333 1205 semper.

171 1223 235 1252 VII
268 1212 294 1252 5
325 1214 416 1252 libri
447 1217 557 1253 timor
587 1217 678 1262 ipSe.
749 1215 768 1252 I
788 1224 838 1252 111
867 1217 918 1253 13
945 1218 1096 1253 nostrae
1127 1216 1172 1253 de
1198 1217 1347 1263 yzcryite
1377 1226 1502 1258 cwrae,

175 1276 298 1311 tumor
328 1285 457 1311 rerum
488 1273 591 1321 apud
624 1273 866 1322 Ciceronem,
899 1275 1065 1311 tumidae
1095 1275 1221 1311 undae
1250 1273 1313 1310 III
1343 1281 1410 1311 VII
1437 1274 1502 1311 28.

318 1328 375 1368 24
412 1331 635 1369 emendavit
672 1332 832 1380 pulchre
871 1331 1044 1370 Ellisius.
1193 1339 1275 1369 VIII
1317 1329 1366 1368 11
1412 1331 1503 1368 libri

173 1388 323 1436 Quanta
362 1390 514 1432 meridi,
567 1389 717 1437 Quanta
755 1402 779 1427 a
817 1392 850 1426 te
892 1391 1024 1427 merui.
1099 1391 1225 1428 restat
1267 1389 1500 1437 corruptela.

312 1455 343 1484 X
374 1444 430 1484 45
467 1447 557 1484 libri
588 1448 679 1494 Ipse
715 1448 864 1494 quidem
896 1450 990 1485 certe
1023 1442 1169 1499 (certo).
1317 1444 1373 1484 49
1411 1447 1503 1484 libri

172 1506 442 1543 celeberrimus.

288 1563 374 1601 Lib.
395 1563 456 1600 III
476 1572 491 1600 1
520 1560 601 1601 126
634 1563 726 1601 libri
756 1564 860 1610 falsa
891 1564 987 1601 tulit.
1037 1564 1106 1601 luit
1128 1575 1199 1612 pro
1226 1575 1283 1610 eo⁷
1315 1563 1418 1612 quod
1443 1566 1504 1600 est

172 1622 298 1669 diluit,
342 1620 489 1658 dictum
531 1623 638 1669 puto.
711 1622 853 1659 diluere
896 1623 1052 1670 crimen⁷
1103 1622 1245 1659 diluere
1287 1624 1320 1658 et
1361 1622 1503 1668 falsum

173 1691 250 1717 esse
293 1680 422 1717 docere
464 1680 556 1716 sunt
598 1678 702 1727 apud
742 1678 985 1727 Ciceronem,
1030 1679 1132 1717 luere
1173 1681 1339 1717 insontes
1379 1691 1505 1717 errore

174 1737 277 1786 apud
314 1737 401 1775 Val.
439 1737 635 1776 Flaccum.
784 1745 817 1774 11
855 1734 881 1774 2
925 1736 1017 1774 libri
1051 1738 1322 1785 perveniatque
1356 1749 1503 1785 precor.

320 1792 375 1833 23
425 1795 622 1844 antiquior
668 1795 778 1832 nulla
826 1795 1019 1843 scriptura
1063 1797 1220 1833 servata
1263 1797 1339 1844 est,
1388 1808 1504 1844 quam
1539 1799 1543 1804 '

173 1853 313 1891 codicis
344 1853 519 1902 ²Hamb.‚
563 1853 630 1902 qm·
668 1855 815 1900 sientffl.
858 1853 897 1889 id
942 1855 1071 1891 ortum
1114 1853 1234 1891 fuisse
1277 1865 1414 1891 censeo
1459 1866 1505 1891 ex

173 1915 349 1960 spemque
398 1924 485 1949 cum
528 1911 755 1960 compendio
806 1911 981 1960 syllabae
1025 1923 1110 1959 per.
1182 1911 1216 1949 is
1260 1911 1379 1949 codex
1420 1911 1504 1960 ipse

173 1970 241 2007 ubi
280 1970 468 2018 scriptum
504 1982 711 2018 perperam
748 1982 769 2006 0
806 1970 915 2018 proi
946 1969 1218 2019 corrigendum
1250 1971 1352 2019 erat,
1388 1972 1434 2008 ut
1464 1970 1504 2007 II

173 2037 221 2065 XI
255 2030 307 2066 15
340 2029 553 2074 7oermoone,
593 2030 646 2066 28
678 2029 772 2075 solo,
803 2030 818 2065 i
848 2028 1039 2077 singulari
1070 2028 1197 2066 forma
1229 2028 1503 2077 superingerst,

176 2086 279 2134 quod
310 2086 487 2123 imitatus
519 2086 629 2124 Korn
658 2087 699 2123 in
730 2086 905 2134 exemplo
937 2086 1241 2135 lithographico:
1280 2086 1419 2124 effecta
1448 2086 1506 2123 ita

175 2147 235 2182 est
266 2144 396 2192 priore
427 2146 532 2182 certe
563 2145 648 2182 loco
680 2145 806 2194 figura
830 2144 988 2182 litterae
1012 2157 1056 2194 2),
1086 2157 1166 2182 non
1184 2156 1260 2192 qua
1280 2144 1363 2192 ipse
1383 2144 1504 2181 Ham-

173 2202 398 2251 burgensis,
437 2203 521 2251 sed,
559 2205 671 2251 puto,
710 2202 883 2240 eiusdem
914 2203 997 2240 sere
1029 2202 1116 2240 aevi
1147 2202 1296 2240 codices
1328 2204 1504 2240 utuntur.

174 2260 380 2298 librarium
399 2262 531 2298 autem
552 2261 727 2310 suspicor
751 2263 765 2299 i
790 2261 1003 2298 reddidisse
1024 2260 1128 2309 quod
1139 2272 1214 2308 per
1233 2263 1329 2298 erat.

175 2315 230 2356 83
262 2318 354 2356 libri
385 2319 480 2356 alter
509 2322 551 2357 ut
584 2331 602 2357 e
625 2321 741 2357 nobis.
880 2327 948 2356 1111
982 2315 1063 2356 108
1095 2318 1188 2355 libri
1211 2321 1323 2366 potat
1352 2317 1504 2366 (portet)
