1570 2527
501 141 560 173 IV.
588 148 648 173 vn
670 142 856 173 lii—vnn
875 142 907 173 8.
1326 140 1379 181 75

154 247 230 286 Sed
262 249 377 288 modo
397 280 407 300 ‚
441 260 538 299 quos
571 247 718 300 habui,
751 261 894 287 vacuos
927 248 1112 288 secedere
1146 250 1188 287 in
1219 249 1355 289 hortos

152 306 265 346 Nunc
297 308 498 345 hominum
530 308 616 345 visu
648 319 788 345 rursus
821 313 860 346 et
892 307 996 346 Urbe
1029 308 1129 346 frui.

154 365 218 404 Sic
251 367 378 404 animo
412 365 607 416 quondam
641 377 719 403 non
752 365 949 404 divinante
983 366 1114 405 futura

89 432 132 462 30
153 423 343 475 Optabam
375 424 524 475 placide
558 425 687 462 vivere
719 436 835 475 posse
869 436 1011 463 seneX.

152 482 244 521 Fata
275 488 575 535 repugnarunt,
609 494 707 534 quae
741 495 831 521 cum
864 482 958 521 mihi
990 488 1167 534 tempora
1198 484 1324 535 prima

153 540 281 580 Mollia
313 541 569 593 praebuerint
587 572 598 593 ‚
629 543 849 592 posteriora
882 547 1065 591 gravant.

151 599 309 651 Iamque
343 600 478 638 decem
511 600 646 638 lustris
680 601 785 638 omni
818 601 901 638 sine
934 599 1019 638 labe
1051 602 1222 651 peractis

151 658 266 697 Parte
299 670 459 710 premor
490 660 591 697 vitae
624 658 820 696 deteriore
852 670 987 710 meae;

89 724 131 755 35
152 716 233 755 Nec
264 717 403 768 procul
434 728 455 755 a
487 718 602 755 metis
621 747 631 767 ,
665 729 761 767 quas
794 718 915 768 paene
949 722 1085 756 tenere
1117 717 1300 770 videbar,

153 775 357 814 Curriculo
391 776 518 825 gravis
552 780 611 812 est
644 774 744 813 facta
776 777 889 813 ruina
922 787 1036 815 me0.

151 833 255 884 Ergo
288 833 397 872 illum
430 833 590 871 demens
625 834 663 870 in
697 845 758 871 me
792 834 940 871 saevire
975 836 1107 887 coegi,

151 892 284 930 Mitius
315 894 518 930 inmensus
553 903 629 942 quo
662 891 759 930 nihil
792 890 897 929 orbis
929 890 1082 930 habet?

151 950 316 1002 Ipsaque
349 950 501 989 delictis
534 951 635 989 victa
668 955 728 988 est
760 950 967 988 clementia
998 953 1169 1003 nostris,

89 1018 131 1048 40
152 1009 232 1048 Nec
265 1016 392 1048 tamen
428 1011 555 1048 errori
586 1010 664 1047 vita
697 1014 834 1059 negata
867 1021 953 1047 meo
987 1007 1081 1048 est‘?

151 1067 236 1106 Vita
267 1067 406 1119 procul
438 1069 563 1119 patria
594 1067 816 1118 peragenda
849 1067 921 1106 sub
956 1080 1025 1106 axe
1058 1067 1203 1120 boreo,

153 1126 237 1172 Qua
269 1129 387 1165 maris
419 1126 562 1165 Euxini
595 1132 702 1164 terra
735 1128 892 1164 sinistra
925 1124 1060 1165 iacet?

151 1185 234 1224 Hoc
267 1185 361 1223 mihi
394 1186 428 1223 si
458 1184 596 1236 Delphi
628 1184 867 1235 Dodonaque
900 1184 1050 1224 diceret
1082 1187 1189 1238 ipsa,

151 1243 248 1282 Esse
281 1243 482 1282 videretur
514 1255 635 1282 vanus
668 1248 836 1294 uterque
868 1243 1002 1282 locus.

87 1310 131 1341 45
151 1302 213 1341 Nil
244 1302 340 1341 adeo
372 1302 540 1341 validum
574 1308 662 1354 est,
695 1302 849 1340 adamas
882 1301 973 1341 licet
1005 1301 1135 1353 alliget
1166 1302 1288 1354 illud,

153 1361 202 1399 Ut
233 1366 388 1399 maneat
418 1361 553 1412 rapido
586 1361 737 1399 firmius
768 1362 858 1411 igne
891 1360 1015 1412 Iovis;
1282 1354 1286 1356 ἡ

151 1419 214 1458 Nil
245 1421 298 1458 ita
331 1419 497 1458 sublime
531 1425 589 1458 est
622 1431 818 1470 supraque
852 1418 1027 1469 pericula
1060 1419 1210 1471 tendit,

151 1478 238 1516 Non
270 1479 321 1516 sit
352 1484 396 1516 ut
426 1478 592 1516 inferius
625 1479 950 1528 suppositumque
984 1477 1079 1515 deo.

152 1536 248 1575 Nam
282 1548 515 1587 quamquam
548 1537 641 1574 vitio
674 1548 764 1587 pars
798 1541 857 1574 est
890 1541 1090 1575 contracta
1123 1536 1337 1590 malorum,

89 1603 131 1634 50
152 1594 244 1634 Plus
277 1600 407 1633 tamen
441 1596 548 1633 exitii
580 1596 752 1633 numinis
785 1596 841 1632 ira
874 1594 1003 1633 dedit.

153 1654 202 1693 At
233 1665 300 1692 vos
334 1653 522 1692 admoniti
553 1654 699 1692 nostris
733 1665 888 1704 quoque
923 1652 1078 1692 casibus
1112 1659 1218 1706 este,

152 1712 393 1763 Aequantem
427 1723 592 1763 superos
627 1713 841 1750 emeruisse
875 1711 1026 1750 virum!

1368 281 1379 302 7

628 1839 779 1886 VIIII.

153 1946 196 1985 Si
225 1946 318 1985 licet
349 1951 388 1985 et
418 1947 593 1996 pateris,
626 1957 769 1984 nomen
802 1945 1033 1997 facinusque
1066 1944 1227 1998 tacebo,

152 2005 202 2043 Et
231 2010 298 2043 tua
329 2004 510 2043 Lethaeis
543 2010 625 2043 acta
658 2003 857 2043 dabuntur
890 2006 1024 2055 aquis,

151 2063 372 2114 Nostraque
404 2064 584 2102 vincetur
615 2062 788 2101 lacrimis
820 2062 1026 2101 clementia
1060 2064 1185 2102 seris:

152 2121 228 2161 Fac
260 2122 406 2174 modo,
438 2127 476 2160 te
507 2126 638 2172 pateat
668 2122 908 2173 paenituisse
941 2122 1021 2159 tui.

111 2188 131 2219 5
152 2180 227 2219 Fac
260 2180 375 2219 modo
395 2212 405 2232 ,
437 2186 475 2219 te
508 2180 669 2219 damnes
703 2181 916 2231 cupiasque
949 2178 1110 2217 eradere
1143 2180 1242 2218 vitae

152 2238 346 2290 Tempora
365 2271 375 2290 ‚
407 2240 441 2277 si
472 2240 600 2289 possis
619 2270 629 2290 ‚
662 2238 896 2289 Tisiphonea
930 2242 1042 2276 tuae.

154 2296 222 2335 Sin
255 2299 414 2348 minus,
447 2303 485 2336 et
516 2297 681 2348 flagrant
713 2296 800 2335 odio
833 2301 899 2335 tua
931 2301 1092 2346 pectora
1124 2301 1284 2349 nostro,

151 2354 292 2394 Induet
323 2356 457 2394 infelix
490 2367 597 2394 arma
629 2361 761 2394 coacta
795 2354 927 2394 dolor.
