1570 2527
581 130 624 164 v.
650 132 846 164 540—612.
1301 126 1385 168 119

162 239 290 291 thue
321 252 444 291 nepos
476 239 675 290 Aethrae,
706 238 869 277 Veneris
903 239 1119 277 moriturus
1151 236 1201 275 ob
1234 237 1356 287 iram,

220 297 320 337 Exul
351 298 399 337 ab
431 299 606 336 attonitis
640 298 850 336 excutiaris
883 298 1017 348 equis.

160 356 328 407 Propter
359 368 455 408 opes
486 367 645 406 magnas
678 360 723 394 ut
754 355 926 406 perdidit
956 355 1100 406 hospes
1132 353 1356 406 alumnum,

79 419 145 453 580
221 414 364 454 Perdat
396 414 444 453 ob
477 416 636 465 exiguas
669 419 707 452 te
740 419 832 452 tuus
863 414 1006 464 hospes
1039 424 1155 464 opes.

162 472 290 525 thue
333 474 468 512 ferunt
512 484 646 512 caesos
691 484 758 511 sex
802 483 891 511 cum
937 470 1262 510 Damasichthone

891 531 1033 570 fratres
1053 561 1063 582 ,
1330 536 1386 569 (2⁷)

222 589 395 630 Intereat
425 596 559 629 tecum
590 591 646 629 sic
679 601 803 640 genus
835 601 950 628 omne
981 594 1118 629 tuum.

168 647 322 688 Addidit
353 655 397 688 ut
428 649 570 687 fidicen
602 650 757 687 miseris
790 660 859 687 sua
892 649 1029 686 funera
1061 647 1185 694 natis,

226 705 288 746 Sic
320 707 393 746 tibi
425 709 503 746 sint
535 708 634 746 vitae
665 707 790 745 taedia
822 708 926 745 iusta
956 712 1069 745 tuae.

78 771 145 803 585
166 763 262 803 Utve
293 777 407 804 soror
438 765 594 816 Pelopis
613 795 624 816 ,
658 777 749 803 saxo
781 764 937 803 dureris
970 764 1133 814 oborto,

224 822 275 862 Et
304 823 432 862 laesus
464 823 595 873 lingua
627 823 763 861 Battus
796 822 842 861 ab
874 824 958 872 ipse
991 834 1083 861 sua.

164 882 263 921 Aera
296 883 330 921 si
361 883 480 921 misso
512 881 704 933 liquidum
736 881 956 920 iaculabere
989 881 1120 932 disco,

224 939 308 986 Quo
340 953 440 992 puer
472 939 678 979 Oebalides
697 971 708 991 ,
739 942 841 979 ictus
874 940 919 978 ab
954 939 1048 978 orbe
1082 938 1218 977 cadas.

166 998 286 1050 Siqua
316 1011 388 1050 per
419 999 590 1038 alternos
622 998 842 1049 pulsabitur
874 998 978 1036 unda
1009 998 1201 1048 lacertos,

78 1064 145 1097 590
226 1057 361 1097 Omnis
393 1057 577 1109 Abydena
609 1059 659 1096 sit
691 1057 762 1096 tibi
792 1058 903 1109 peior
935 1069 1057 1108 aqua.

166 1115 347 1155 Comicus
379 1122 424 1155 ut
454 1116 593 1155 mediis
625 1117 771 1167 periit,
804 1116 897 1154 dum
929 1115 1074 1166 nabat,
1106 1116 1146 1153 in
1178 1113 1318 1164 undis,

224 1173 275 1213 Et
304 1180 372 1213 tua
405 1175 461 1213 sic
495 1174 652 1225 Stygius
685 1174 901 1225 strangulet
933 1186 1002 1213 ora
1032 1174 1184 1224 liquor,

165 1233 242 1272 Aut
273 1232 341 1272 ubi
371 1239 578 1272 ventosum
609 1235 808 1284 superaris
841 1233 1052 1283 naufragus
1085 1243 1256 1283 aequor,

225 1291 410 1331 Contacta
442 1304 581 1343 pereas
599 1323 609 1343 ,
642 1298 686 1330 ut
716 1291 955 1343 Palinurus,
987 1291 1130 1329 humo.

79 1357 147 1390 595
168 1350 296 1401 thue
330 1350 608 1390 cothurnatum
640 1356 768 1389 vatem
799 1349 920 1389 tutela
952 1349 1119 1400 Dianae,

226 1408 395 1448 Dilaniet
425 1409 586 1460 vigilum
617 1414 655 1447 te
689 1421 845 1460 quoque
877 1407 993 1447 turba
1025 1419 1187 1446 canum.

166 1468 243 1507 Aut
274 1473 318 1507 ut
349 1467 578 1506 Trinacrius
598 1498 608 1518 ,
641 1467 754 1505 salias
787 1479 906 1518 super
939 1478 1006 1505 ora
1039 1466 1229 1516 gigantis,

225 1525 398 1564 Plurima
431 1538 506 1576 qua
537 1526 710 1564 flammas
744 1525 894 1564 Sicanis
927 1525 1050 1564 Aetna
1082 1525 1224 1562 vomit.

170 1583 441 1635 Diripiantque
474 1591 564 1623 tuos
595 1585 742 1622 insanis
774 1583 972 1634 unguibus
1005 1588 1113 1622 artus

81 1651 148 1683 600
229 1643 473 1694 Strymoniae
506 1648 651 1681 inatres
670 1674 681 1694 ,
714 1642 892 1694 Orpheos
924 1654 1010 1681 esse
1043 1647 1173 1680 ratae.

168 1701 290 1740 Natus
322 1706 367 1740 ut
397 1701 578 1739 Althaeae
611 1701 776 1739 flammis
809 1700 1037 1739 absentibus
1070 1701 1189 1752 arsit,

228 1759 292 1799 Sic
323 1765 416 1798 tuus
448 1759 627 1798 ardescat
657 1760 802 1811 stipitis
832 1761 922 1810 igne
954 1771 1095 1810 rogus.

168 1817 218 1857 Ut
248 1829 347 1857 nova
378 1817 564 1857 Phasiaca
596 1830 827 1870 comprensa
859 1823 920 1856 est
950 1823 1072 1869 nupta
1105 1828 1272 1868 corona,
1336 1824 1392 1856 (28)

226 1876 354 1927 thue
386 1883 497 1928 pater
528 1882 702 1929 nuptae,
735 1888 903 1927 cumque
935 1882 1097 1928 parente
1130 1876 1294 1927 domus3

82 1943 148 1975 605
170 1935 220 1974 Ut
251 1947 370 1974 cruor
401 1934 616 1974 Herculeos
650 1935 743 1974 abiit
775 1935 940 1974 diffusus
972 1937 1013 1974 in
1045 1940 1177 1985 artus3

229 1993 401 2044 Corpora
432 1994 664 2044 pestiferum
697 1995 752 2032 sic
784 1999 851 2032 tua
883 1995 989 2032 virus
1023 1993 1133 2031 edat.

82 2073 133 2080 —-
170 2052 255 2098 Qua
286 2063 355 2090 sua
381 2051 636 2091 Penthaliden
668 2052 798 2103 proles
825 2058 885 2090 est
911 2051 992 2090 ulta
1018 2050 1264 2103 Lycurgum,

227 2109 332 2149 Haec
364 2117 517 2149 maneat
547 2110 617 2150 teli
648 2117 685 2150 te
719 2122 874 2162 quoque
907 2110 1017 2160 plaga
1050 2111 1161 2148 novi.

169 2169 297 2220 thue
329 2168 420 2207 Milo
453 2169 575 2209 robur
607 2169 793 2208 diducere
825 2168 943 2207 fissile
975 2174 1168 2219 temptes,

82 2236 149 2268 610
227 2227 307 2266 Nec
339 2229 466 2278 possis
499 2234 629 2279 captas
661 2228 750 2266 inde
784 2227 932 2266 referre
967 2238 1128 2265 manus.

169 2285 478 2338 Muneribusque
510 2288 589 2325 tuis
621 2286 786 2325 laedaris
806 2317 817 2337 ,
849 2291 893 2324 ut
926 2285 1088 2338 Icarus,
1119 2287 1160 2324 in
1193 2297 1311 2336 quem

228 2343 365 2383 Intulit
395 2350 561 2384 armatas
594 2344 701 2383 ebria
731 2343 846 2384 turba
879 2356 1040 2384 manus.
