1570 2527
221 138 300 180 164
756 139 819 170 EX
843 139 1001 171 PONTO

839 281 918 345 XI:

331 387 413 425 Hoc
444 386 543 438 tibi,
576 385 675 424 Rufe
695 418 705 437 ,
736 385 846 424 brevi
877 393 1130 438 properatum
1164 392 1340 438 tempore
1372 389 1492 427 mittit

389 445 490 483 Naso
510 476 520 496 ‚
552 457 689 495 parum
723 445 869 483 faustae
904 446 1083 483 conditor
1116 445 1250 496 Artis,
1284 458 1406 496 opus:

331 503 408 554 Ut,
442 515 674 553 quamquam
707 503 819 553 longe
854 509 933 541 toto
967 515 1102 541 sumus
1135 503 1229 541 orbe
1262 505 1425 556 remoti,

391 561 499 600 Scire
531 567 661 600 tamen
693 563 819 612 possis
852 573 923 599 nos
955 562 1178 599 meminisse
1211 563 1291 600 tui.

291 626 311 657 5
331 619 506 658 Nominis
539 625 627 657 ante
661 621 737 657 mei
769 621 925 657 venient
957 619 1096 658 oblivia
1129 619 1265 671 nobis,

390 678 555 716 Pectore
589 689 704 728 quam
737 679 859 728 pietas
892 679 942 716 sit
974 685 1038 716 tua
1070 677 1180 728 pulsa
1213 690 1324 716 meo.

331 736 382 774 Et
413 738 523 786 prius
554 736 653 774 hano
687 738 852 774 animam
884 748 1024 775 vacuas
1055 736 1264 775 reddemus
1296 737 1337 774 in
1369 748 1505 788 auras,

392 794 515 839 Quam
547 795 612 833 fiat
644 796 774 832 meriti
806 796 928 845 gratia
959 807 1054 832 vana
1086 796 1166 833 tui.

332 852 484 891 Grande
523 865 617 891 voco
656 853 834 892 lacrimas
874 854 1086 904 meritum,
1125 852 1267 903 quibus
1306 865 1371 891 ora

1056 911 1209 961 rigabas
1222 942 1232 962 ,
1493 920 1548 951 (τι)

272 977 313 1008 10
393 969 489 1008 Cum
521 981 606 1007 mea
638 975 822 1007 concreto
856 970 958 1008 sicca
990 969 1123 1007 dolore
1155 970 1306 1007 forent.

333 1027 485 1066 Grande
518 1040 613 1066 voco
645 1029 829 1066 meritum
861 1033 1029 1065 maestae
1063 1027 1203 1066 solacia
1236 1028 1400 1078 mentis,

391 1085 487 1124 Cum
519 1087 665 1136 pariter
697 1086 809 1124 nobis
842 1085 904 1123 iila
939 1086 1086 1136 tibique
1119 1086 1254 1124 dares.

334 1144 479 1194 Sponte
514 1144 669 1194 quidem
702 1156 772 1193 per
805 1156 924 1195 seque
958 1156 1041 1182 mea
1075 1150 1133 1182 est
1164 1143 1369 1182 laudabilis
1400 1156 1518 1183 uxor:

392 1202 602 1240 Admonitu
635 1202 772 1239 melior
805 1203 846 1240 fit
878 1209 1006 1240 tamen
1039 1202 1102 1240 illa
1134 1208 1224 1240 tuo.

272 1269 313 1299 15
334 1260 507 1310 Namque
541 1260 645 1311 quod
677 1259 908 1298 Hermiones
941 1260 1075 1299 Castor
1108 1261 1181 1298 suit
1200 1291 1210 1311 ,
1242 1260 1386 1299 Hector
1417 1260 1517 1313 Iuli,

392 1318 474 1357 Hoc
507 1330 576 1369 ego
609 1324 647 1356 te
680 1318 802 1356 laetor
835 1319 1011 1369 coniugis
1044 1330 1129 1356 esse
1162 1331 1292 1357 meae.

335 1377 441 1422 Quae
462 1408 473 1428 ‚
504 1389 551 1415 ne
586 1376 783 1415 dissimilis
816 1376 887 1414 tibi
919 1378 969 1414 sit
1000 1376 1193 1427 probitate
1212 1409 1222 1428 ‚
1254 1376 1424 1428 laborat,

394 1435 521 1485 Seque
554 1436 612 1473 tui
643 1436 718 1473 vita
751 1436 950 1485 sanguinis
983 1447 1068 1473 esse
1100 1435 1260 1486 prohat.

335 1493 437 1543 Ergo
472 1493 575 1543 quod
608 1494 735 1531 fuerat
767 1492 934 1531 stimulis
968 1494 1116 1531 factura
1149 1495 1232 1531 sine
1265 1493 1377 1545 ullis,

272 1560 315 1590 20
394 1551 553 1589 Plenius
585 1557 785 1589 auctorem
817 1557 855 1590 te
889 1564 1044 1602 quoque
1076 1558 1215 1590 nancta
1247 1552 1359 1590 facit.

334 1610 433 1648 Acer
465 1615 504 1647 et
535 1609 580 1647 ad
612 1609 760 1661 palmae
793 1622 863 1660 per
895 1622 935 1648 se
969 1622 1159 1648 cursurus
1191 1610 1383 1662 honores,

395 1668 436 1705 Si
467 1674 597 1706 tamen
630 1668 798 1705 horteris
817 1699 827 1719 ‚
860 1668 999 1706 fortius
1032 1668 1104 1706 ibit
1135 1681 1282 1719 equus.

335 1725 441 1763 Adde
461 1757 471 1776 ,
504 1725 607 1776 quod
641 1725 812 1764 absentis
845 1738 938 1764 cura
971 1726 1146 1765 mandata
1179 1726 1283 1764 fideli

393 1783 583 1834 Persicis,
617 1789 655 1821 et
687 1783 835 1822 nullum
868 1785 969 1822 ferre
1003 1786 1172 1834 gravaris
1206 1796 1326 1822 onus.

273 1850 315 1880 25
338 1841 392 1880 Οἳ
431 1841 603 1880 referant
634 1848 762 1892 grates
782 1873 792 1893 ‚
826 1843 1008 1892 quoniam
1041 1855 1118 1880 non
1150 1855 1359 1893 possumus
1390 1844 1488 1895 ipsi,

395 1899 441 1937 Di
471 1899 570 1938 tibi.
628 1902 695 1950 qui
726 1901 926 1951 referent,
961 1902 992 1938 si
1023 1903 1085 1951 pia
1117 1902 1217 1939 sacta
1247 1901 1399 1940 vident.

337 1957 588 2008 Sufficiatque
622 1958 688 1996 diu
721 1971 865 2010 eorpus
896 1971 1050 2009 quoque
1083 1959 1257 1998 moribus
1288 1961 1399 2012 istis,

395 2015 558 2054 Maxima
591 2015 767 2055 Fundani
799 2016 948 2068 gloria,
981 2017 1079 2056 Rufe
1099 2050 1109 2069 ‚
1142 2018 1235 2057 soli.
1269 2021 1275 2027 '
