1570 2527
165 110 269 146 XXII

165 223 210 258 ut
239 220 352 269 potui
383 220 535 258 sustuli.
608 218 649 256 in
685 218 838 267 paginis
870 212 965 270 (17)
998 218 1171 266 adusque
1198 211 1314 269 (24),
1347 217 1381 254 si
1412 229 1496 255 cum

166 278 345 316 Bentleio
377 278 396 315 I
428 287 457 315 v
490 279 542 315 81
579 278 630 314 82
665 278 706 314 et
736 277 755 314 I
786 285 852 314 VII
885 278 936 314 21
974 277 1026 314 22
1060 275 1266 324 exemeris,
1298 275 1500 314 abundant

167 337 335 375 disticha
372 338 575 386 quattuor,
617 335 650 372 si
685 348 722 383 p.
750 329 844 386 (17)
883 347 907 371 a
936 347 972 372 v.
1005 336 1058 372 35
1098 333 1185 371 duci
1226 333 1367 382 possit,
1410 333 1498 372 tria.

168 408 213 433 ea
251 394 441 443 siquidem
482 406 530 430 ex
566 406 601 441 p.
630 388 723 444 (17)
762 393 916 430 detrahi
957 405 1035 430 non
1071 394 1252 441 possunt,
1299 404 1423 440 neque
1460 391 1501 429 in

167 454 343 502 margine
388 454 456 489 aut
499 451 620 500 aliqui
663 453 820 499 praeter
866 450 1039 488 ordinem
1083 450 1307 488 adhaesisse
1348 449 1501 488 dicendi

168 514 277 559 sunt,
309 511 368 549 uti
392 512 433 547 in
457 509 630 547 Lucretii
665 509 827 547 schedae
854 509 968 546 unius
993 510 1159 557 utraque
1184 508 1328 558 pagina
1352 508 1501 546 factum

169 570 324 618 scripsit
361 568 634 606 Lachmannus
677 581 714 616 p.
749 569 791 615 5,
829 568 972 614 restat,
1013 568 1058 604 ut
1095 565 1264 615 paginae
1303 566 1501 615 inaequali

168 641 353 665 versuum
395 639 557 664 numero
600 626 723 663 fuisse
766 627 966 674 putentur.
1038 624 1079 661 id
1121 624 1162 661 in
1209 624 1329 662 libris·
1365 625 1501 663 multis

169 688 210 723 et
241 685 412 734 egregiis
444 697 518 722 usu
543 684 667 732 venit3
698 684 965 733 fragmentum
991 682 1117 721 Guelf.
1142 695 1221 720 non
1245 683 1388 732 ubique
1408 692 1502 721 XXV

167 744 351 782 habuisse
382 743 556 790 videtur,
595 742 836 787 Monacensis
868 742 1032 779 fluctuat
1063 741 1166 779 inter
1197 749 1277 778 XLI
1309 743 1350 779 et
1380 750 1501 791 XLVI,

168 802 521 852 Hamburgensem,
549 800 772 838 Parisinum
792 800 1008 838 Heroidum
1034 795 1293 848 ‘plerumque'
1319 799 1501 849 tricenos,

167 860 441 898 undetricenos
473 860 617 897 habere
650 859 744 897 olim
771 858 926 907 scripsi,
959 858 1201 895 Marcianum
1225 857 1384 895 Metam.
1411 867 1500 908 XLI,

168 927 282 966 XLII,
316 927 430 956 xLIII
462 918 571 955 Korn
601 931 637 966 p.
669 926 762 955 VIII.
830 929 908 955 non
933 916 1112 953 dubitavi
1143 916 1411 964 quaternionis
1443 916 1501 953 di-

168 977 334 1025 midiati,
366 977 501 1026 quales
529 976 696 1014 solitarii
721 976 999 1023 intercurrunt,
1032 974 1186 1023 paginis
1213 976 1300 1012 octo
1327 975 1502 1023 singulos

169 1047 306 1073 versus
339 1034 505 1072 adicere:
545 1034 711 1072 disticha
743 1046 787 1071 eo
819 1033 933 1071 modo
965 1032 1199 1081 aliquotiens
1231 1032 1393 1071 discissa
1424 1045 1502 1071 non

168 1095 383 1142 potuerunt
420 1093 631 1141 offendere,
672 1092 706 1129 si
743 1092 981 1140 archetypus
1012 1092 1279 1139 pentametros
1311 1103 1334 1128 a
1365 1092 1504 1140 regula

169 1163 249 1189 non
279 1151 461 1189 reductos
492 1151 648 1198 habuit,
686 1150 788 1199 quod
827 1152 917 1187 sunt
958 1162 1056 1198 quae
1087 1149 1253 1198 prodere
1283 1149 1502 1188 videantur.

171 1230 225 1236 -—
246 1210 351 1247 intra
374 1223 410 1258 p.
427 1205 520 1260 (26)
540 1209 743 1246 Bentleius
769 1222 830 1246 vv.
854 1210 905 1245 65
935 1210 987 1245 66
1015 1208 1164 1246 deletos
1189 1207 1358 1255 volebat,
1384 1208 1449 1256 qui
1471 1208 1504 1245 si

171 1268 328 1305 facilem
362 1267 674 1304 emendationem
705 1267 868 1315 habent,
907 1266 1101 1314 expellere
1133 1265 1316 1304 videntur
1349 1267 1402 1304 63
1438 1267 1502 1304 64.

287 1326 550 1363 Intervallum
575 1334 639 1363 XII
670 1325 903 1375 paginarum
935 1323 1038 1374 quod
1069 1326 1129 1361 est
1160 1324 1263 1361 inter
1296 1323 1505 1361 secundam

172 1387 212 1422 et
241 1384 403 1422 tertiam
434 1384 625 1432 lacunam,
655 1383 730 1421 nisi
754 1383 858 1420 forte
884 1396 919 1431 p.
949 1378 1043 1434 (31)
1071 1382 1342 1430 supplemento
1368 1382 1502 1419 termi-

171 1446 307 1479 natam
337 1442 468 1490 habet,
499 1441 698 1491 integrum
729 1441 917 1489 perstitit.

289 1500 518 1538 Proximum
543 1512 566 1536 a
584 1513 620 1548 p.
644 1495 738 1550 (40)
759 1499 808 1536 ad
828 1510 964 1536 versus
984 1498 1025 1535 II
1050 1507 1103 1536 111
1133 1500 1184 1536 15
1209 1500 1260 1536 16
1282 1510 1306 1536 a
1324 1498 1504 1536 Bentleio

173 1558 374 1597 confossos
411 1558 575 1607 paginas
617 1558 787 1606 quinque
826 1557 1009 1594 habuisse
1047 1557 1239 1595 convenit.
1310 1556 1504 1594 distichon

172 1617 213 1654 id
244 1616 444 1664 operosius
477 1616 666 1664 scriptum
698 1618 769 1663 est,
801 1627 919 1663 quam
950 1627 1050 1663 quae
1081 1627 1105 1652 a
1136 1614 1357 1652 recentibus
1383 1614 1503 1652 inter-

171 1674 418 1723 polatoribus
456 1674 576 1711 animi
616 1686 733 1711 causa
772 1673 812 1710 in
843 1673 1018 1722 margine
1052 1672 1152 1710 adici
1183 1673 1327 1721 solent3
1365 1673 1505 1710 vocifla

173 1733 253 1770 Nec
296 1733 477 1770 lacunam
521 1732 717 1780 expletam
767 1743 851 1768 esse
901 1731 1070 1768 indicare
1113 1730 1278 1768 videtur.
1354 1732 1396 1768 at
1437 1743 1505 1779 pa-

174 1791 290 1840 ginae
321 1791 413 1828 illae
445 1790 614 1838 quinque
646 1801 782 1828 versus
808 1789 1010 1827 continent
1030 1801 1115 1827 cun
1140 1801 1227 1826 cum
1253 1789 1424 1827 debeant
1443 1801 1506 1839 cx,

173 1849 315 1887 desunt
352 1848 429 1886 tria
467 1848 649 1895 disticha,
693 1847 796 1896 quod
835 1847 961 1885 solum
998 1850 1058 1885 est
1094 1848 1135 1884 in
1172 1847 1276 1886 omni
1316 1848 1389 1886 hac
1429 1847 1504 1886 dis-

173 1907 382 1956 punctione
426 1907 543 1955 paulo
587 1906 747 1955 gravius
785 1905 1118 1954 impedimentum.
1191 1906 1322 1944 locum
1363 1908 1506 1952 tamen,

175 1979 250 2015 quo
284 1965 470 2004 excidisse
502 1964 726 2012 videantur,
759 1964 947 2012 dispicere
977 1963 1159 2002 fortassis
1190 1964 1300 2012 licet,
1340 1976 1506 2014 eumque

174 2024 290 2072 plane
335 2036 451 2072 quem
493 2023 718 2061 breviorum
755 2023 984 2060 lacunarum
1024 2022 1213 2071 vidimus,
1256 2023 1297 2059 in
1333 2024 1508 2060 extrema

174 2096 210 2130 p.
234 2077 346 2134 (41);
395 2082 620 2131 neglectum
667 2083 821 2119 mature
878 2082 924 2118 ut
971 2080 1126 2129 signum
1171 2079 1329 2129 aliquod
1375 2080 1508 2119 fuerit.

174 2141 283 2187 Ipse,
316 2140 382 2188 qui
413 2139 694 2190 intelligendus
726 2152 762 2177 v.
790 2140 864 2187 31,
898 2139 1078 2176 Tiberius
1112 2141 1188 2187 est,
1220 2151 1263 2176 ac
1294 2140 1426 2186 potest
1451 2139 1509 2176 in·

176 2198 329 2235 dicatus
360 2197 485 2235 videri
522 2199 653 2235 verbis
686 2197 915 2236 Caesareum
938 2198 1075 2244 pedem
1111 2209 1247 2234 versus
1285 2197 1509 2245 superioris,

177 2269 293 2304 quem
324 2256 535 2293 admodum
567 2259 627 2294 est
652 2256 758 2294 Fast.
783 2254 821 2291 V
848 2257 943 2304 393,
977 2256 1058 2293 396
1092 2255 1277 2302 Perspicit
1305 2276 1355 2280 —
1382 2255 1511 2293 Achil-

176 2315 256 2352 leae
285 2326 442 2362 memus,
481 2314 648 2352 maxime
691 2314 724 2352 si
747 2325 819 2362 pes
849 2313 917 2351 ille
949 2325 1158 2362 corporeus
1191 2315 1230 2351 et
1261 2313 1512 2362 aspectabilis
