1570 2527
171 130 225 172 70
722 129 948 161 TRISTIUM

222 249 265 279 55
286 239 440 290 Frigida
472 250 534 277 me
567 236 750 276 cohibent
781 237 923 275 Euxini
954 237 1069 276 litora
1100 235 1238 276 Ponti:

285 298 420 336 Dictus
452 296 498 335 ab
531 297 701 346 antiquis
733 295 889 334 Axenus
921 295 983 333 ille
1018 296 1112 334 suit.

286 356 383 394 Nam
415 367 542 405 neque
575 356 767 392 iactantur
800 353 1010 392 moderatis
1042 364 1211 404 aequora
1242 353 1390 404 ventis,

286 413 366 452 Nec
398 412 568 464 placidos
601 418 738 463 portus
770 412 922 463 hospita
953 413 1061 450 navis
1093 411 1193 450 adit.

289 472 388 510 Sunt
415 473 517 509 circa
544 477 679 521 gentes
698 501 709 522 ,
742 482 840 521 quae
866 469 1048 520 praedam
1074 470 1260 520 sanguine
1288 473 1502 521 quaerunt3

225 539 269 569 60
291 530 371 568 Nec
403 531 531 567 minus
563 528 680 567 infida
712 534 817 567 terra
848 530 1009 566 timetur
1041 539 1161 578 aqua.

287 588 346 626 llli
366 619 377 640 ,
409 599 506 638 quos
539 587 648 626 audis
680 587 882 625 hominum
914 585 1083 637 gaudere
1116 597 1281 638 cruore,

287 646 413 684 Paene
446 645 518 684 sub
552 646 726 684 eiusdem
759 644 898 683 sideris
930 656 998 683 axe
1030 645 1181 682 iacent.

288 704 368 742 Nec
400 704 537 755 procul
569 716 589 742 a
621 703 733 742 nobis
765 703 873 741 locus
906 708 993 753 est,
1024 701 1092 741 ubi
1124 701 1288 740 Taurica
1321 700 1402 740 dira

289 762 413 801 Caede
446 763 691 813 pharetratae
724 762 919 813 spargitur
951 772 1016 799 ara
1047 760 1163 799 deae.

226 829 269 859 65
290 820 393 859 Haec
425 823 534 871 prius
554 852 564 872 ‚
596 825 639 858 ut
671 825 915 871 memorant,
947 831 1025 857 non
1058 817 1247 856 invidiosa
1279 817 1456 856 nefandis

289 879 368 917 Nec
401 878 591 929 cupienda
623 878 735 916 bonis
768 890 886 928 regna
918 877 1104 915 Thoantis
1137 881 1269 915 erant.

290 937 362 975 Hic
394 949 465 988 pro
498 938 698 988 supposita
730 938 836 985 virgo
868 935 1048 986 Pelopeia
1081 946 1195 973 cerva

292 995 408 1034 Sacra
440 995 534 1033 deae
567 995 687 1033 coluit
720 994 1014 1045 qualiacumque
1048 1004 1164 1032 suae.

291 1053 375 1098 Quo
402 1059 606 1104 postquam
625 1085 636 1105 ,
669 1052 831 1091 dubium
849 1082 859 1096 ,
892 1054 980 1103 pius
1007 1063 1054 1090 an
1081 1051 1319 1102 sceleratus,
1346 1050 1505 1090 Orestes

228 1120 270 1150 70
293 1112 461 1150 Exactus
495 1112 607 1150 furiis
640 1116 797 1149 venerat
829 1113 912 1161 ipse
945 1111 1048 1161 suis,

291 1170 340 1208 Et
372 1182 503 1208 comes
536 1169 756 1220 exemplum
788 1170 869 1207 veri
900 1168 1079 1206 Phoceus
1111 1169 1277 1219 amoris,

292 1228 367 1274 Qui
399 1228 475 1266 duo
508 1227 738 1278 corporibus
757 1259 767 1279 ,
800 1227 998 1265 mentibus
1031 1238 1132 1264 unus
1164 1231 1300 1277 erant,

291 1286 475 1324 Protinus
508 1288 650 1325 evincti
682 1287 834 1324 tristem
867 1285 1065 1323 ducuntur
1097 1283 1143 1322 ad
1176 1295 1303 1336 aram,

293 1345 399 1390 Quae
433 1344 558 1383 stabat
589 1345 761 1394 geminas
794 1348 881 1381 ante
915 1348 1077 1381 cruenta
1109 1342 1237 1380 fores.

229 1411 271 1442 75
292 1402 371 1441 Nec
403 1407 531 1441 tamen
565 1402 668 1441 hunc
707 1413 776 1440 sua
814 1413 947 1453 mors,
986 1412 1058 1439 nec
1095 1411 1200 1438 mors
1233 1411 1303 1438 sua
1335 1400 1478 1438 terruit

853 1460 983 1498 illum:

292 1520 399 1558 Alter
431 1519 480 1557 ob
513 1519 672 1558 alterius
705 1519 841 1557 funera
873 1522 1044 1556 maestus
1077 1522 1183 1556 erat.

294 1577 342 1616 Et
374 1579 449 1616 iam
481 1579 709 1616 constiterat
742 1578 877 1615 stricto
910 1587 1097 1614 mucrone
1129 1574 1335 1626 sacerdos,

294 1636 477 1676 Cinxerat
509 1641 547 1674 et
579 1635 712 1673 Graias
744 1634 907 1673 barbara
939 1636 1032 1672 vitta
1064 1645 1218 1685 comas,

294 1694 391 1732 Cum
423 1695 505 1732 vice
538 1695 730 1732 sermonis
763 1694 922 1731 fratrem
956 1693 1163 1743 cognovit,
1196 1695 1235 1729 et
1265 1690 1321 1729 illi

229 1761 273 1791 80
294 1752 369 1790 Pro
402 1763 497 1789 nece
530 1751 754 1801 complexus
786 1750 984 1800 Iphigenia
1017 1749 1144 1788 dedit.

293 1810 410 1848 Laeta
442 1809 535 1847 deae
568 1810 721 1859 signum
740 1839 749 1856 ‚
786 1808 956 1846 crudelia
989 1819 1097 1845 sacra
1123 1818 1314 1858 perosae,

293 1867 508 1906 Transtulit
540 1880 585 1905 ex
617 1866 691 1905 illis
722 1868 763 1905 in
795 1866 954 1904 meliora
986 1866 1103 1904 locis.

293 1926 396 1964 Haec
429 1927 547 1976 igitur
579 1926 686 1975 regio
705 1955 715 1975 ,
748 1926 876 1975 magni
907 1936 1028 1975 paene
1061 1923 1195 1962 ultima
1226 1922 1383 1975 mundi,

296 1984 418 2030 Quam
451 1984 586 2034 sugere
618 1983 796 2021 homines
829 1983 945 2033 dique
964 2013 974 2033 ,
1006 1983 1224 2033 propinqua
1256 1981 1349 2020 mihi
1382 1985 1467 2033 est,

231 2050 275 2083 85
297 2043 422 2092 Atque
455 2054 579 2080 meam
612 2046 757 2080 terram
788 2053 908 2091 prope
942 2046 1033 2078 sunt
1065 2039 1244 2078 funebria
1276 2051 1408 2090 sacra,

297 2100 339 2138 Si
370 2100 483 2138 modo
515 2099 659 2138 Nasoni
691 2098 854 2137 barbara
886 2104 990 2136 terra
1023 2110 1092 2136 sua
1123 2103 1205 2137 est.

297 2158 328 2196 Ο
362 2160 507 2198 utinam
540 2159 672 2210 venti,
705 2156 848 2208 quibus
880 2162 939 2195 est
971 2156 1119 2195 ablatus
1151 2155 1335 2208 Orestes,

296 2216 450 2256 Placato
483 2216 656 2255 referant
687 2220 726 2254 et
758 2227 842 2254 mea
873 2214 955 2254 vela
987 2213 1081 2253 deo!

203 448 220 463 0
