1570 2527
201 69 255 109 56
756 70 980 103 TR1sT1UM

319 177 471 229 Quique
504 178 642 216 hovem
675 178 805 216 Siculo
837 178 963 217 fertur
996 178 1160 217 donasse
1194 183 1379 231 tyranno,

317 236 367 275 Et
398 237 512 275 dictis
545 241 649 275 artes
682 236 909 275 conciliasse
942 248 1056 276 suas:

319 291 495 333 eMunere
528 295 568 332 in
594 294 667 333 hoc
685 325 696 346 ‚
729 307 798 333 rex
816 325 827 346 ‚
860 300 919 334 est
944 307 1040 334 usus
1058 325 1069 347 ‚
1102 294 1170 333 sed
1195 296 1363 345 imagine
1388 296 1536 348 maior,

318 353 398 391 Nec
431 352 510 390 sola
542 358 601 391 est
633 354 763 403 operis
797 353 918 391 forma
950 353 1149 404 probanda
1180 355 1279 392 mei.

254 420 297 451 45
318 412 471 461 Aspicis
503 422 523 449 a
555 410 691 449 dextra
722 411 823 450 latus
855 411 928 450 hoc
961 411 1172 461 adapertile
1203 409 1340 451 tauri?

318 469 398 508 Hac
430 468 501 507 tibi
519 500 530 521 7
564 481 680 520 quem
712 469 881 521 perdes,
914 469 1168 508 coniciendus
1201 471 1298 508 erit.

319 527 505 566 Protinus
537 527 733 566 inclusum
765 527 882 566 lentis
915 527 1151 566 carbonibus
1183 539 1278 567 ure:

318 585 465 636 Mugiet
483 616 493 637 ‚
526 591 565 624 et
596 587 679 624 veri
711 598 783 624 vox
816 587 892 625 erit
922 585 986 624 illa
1017 585 1149 624 bovis.

318 644 394 682 Pro
428 643 571 694 quibus
603 646 800 696 inventis,
834 650 877 682 ut
908 656 1051 683 munus
1083 655 1245 683 munere
1276 656 1438 696 penses,

255 712 297 742 50
319 702 371 741 Da
390 733 401 754 ‚
433 714 603 755 precor,
635 704 790 753 ingenio
822 704 994 753 praemia
1027 703 1142 752 digna
1173 699 1295 741 meol'

319 760 504 799 Dixerat.
556 766 594 799 at
625 760 797 799 Phalaris
831 758 996 799 ‘Poenae
1030 761 1204 799 mirande
1238 766 1440 813 repertor,

318 819 405 869 Ipse
441 824 550 857 tuum
581 831 768 870 praesens
801 816 958 858 imbue'
992 819 1089 857 dixit
1122 815 1270 869 ‘opust'

318 877 398 916 Nec
430 889 566 929 mora,
599 879 824 915 monstratis
858 877 1070 916 crudeliter
1101 876 1258 927 ignibus
1290 882 1403 916 ustus

321 935 509 974 Exhibuit
540 937 714 986 geminos
748 948 813 973 ore
847 940 1026 986 gemente
1059 947 1197 974 sonos.

256 1004 299 1034 55
321 993 421 1039 Quid
454 994 549 1033 mihi
581 1006 670 1032 cum
703 994 844 1033 Siculis
876 995 980 1032 inter
1007 993 1283 1045 Scythiamque
1310 992 1539 1045 Getasque?

320 1052 378 1091 Ad
412 1057 477 1103 te,
511 1054 689 1103 quisquis
722 1054 754 1090 is
788 1064 858 1104 es,
892 1058 1024 1091 nostra
1057 1051 1230 1103 querella
1261 1052 1385 1091 redit.

321 1110 448 1161 thue
482 1112 586 1149 sitim
619 1116 753 1149 nostro
786 1112 912 1162 possis
945 1110 1101 1161 explere
1134 1122 1298 1162 cruore,

322 1169 552 1220 Quantaque
585 1171 641 1207 vis
660 1200 671 1221 ‚
703 1169 812 1207 avido
846 1169 984 1220 gaudia
1017 1169 1134 1208 corde
1166 1169 1293 1208 feras:

321 1227 396 1266 Tot
427 1227 524 1266 mala
558 1240 645 1266 sum
671 1228 823 1278 fugiens
856 1227 1025 1279 tellure,
1057 1232 1116 1266 tot
1147 1239 1317 1278 aequore
1348 1240 1510 1280 passus,

258 1296 301 1326 60
322 1285 376 1324 Te
410 1298 566 1336 quoque
598 1291 642 1325 ut
674 1286 815 1324 auditis
847 1298 962 1336 posse
996 1285 1127 1324 dolere
1159 1291 1316 1336 putem.

322 1344 445 1383 Crede
478 1343 601 1391 mihi,
635 1345 668 1382 si
700 1345 751 1382 sit
782 1344 894 1382 nohis
927 1344 1090 1383 collatus
1121 1343 1276 1396 Ulixes,

321 1402 494 1453 Neptuni
526 1403 652 1440 minor
686 1408 773 1454 est,
806 1414 921 1453 quam
953 1402 1053 1441 Iovis
1085 1404 1142 1440 ira
1174 1403 1269 1441 fuit.

321 1460 425 1511 Ergo
458 1462 696 1512 quicumque
729 1472 799 1512 es,
832 1461 1057 1499 rescindere
1091 1461 1253 1499 crimina
1284 1460 1387 1514 noli,

323 1519 456 1570 Deque
489 1520 595 1570 gravi
627 1519 744 1557 duras
776 1519 937 1557 vulnere
969 1519 1060 1558 tolle
1092 1531 1252 1557 manus.

260 1586 303 1617 65
325 1577 451 1628 thue
484 1589 592 1615 meae
626 1577 764 1615 samam
798 1582 962 1616 tenuent
993 1577 1132 1615 oblivia
1165 1577 1324 1629 culpae,

322 1635 440 1673 Facta
472 1636 696 1674 cicatricem
729 1635 873 1673 ducere
906 1640 1038 1673 nostra
1071 1636 1177 1686 sine;

323 1693 601 1743 Humanaeque
636 1705 784 1731 memor
817 1694 963 1744 sortis,
997 1705 1095 1743 quae
1129 1693 1229 1732 tollit
1260 1693 1417 1732 eosdem

323 1751 373 1790 Et
404 1752 575 1803 premit,
608 1753 777 1790 incertas
809 1753 892 1802 ipse
924 1763 1059 1789 verere
1093 1750 1218 1790 vices!

324 1809 372 1848 Et
405 1811 616 1861 quoniam,
655 1810 740 1848 fieri
773 1809 876 1860 quod
909 1821 1121 1860 numquam
1153 1821 1268 1860 posse
1299 1812 1454 1863 putavi,

261 1878 303 1908 70
325 1868 394 1907 Est
425 1868 496 1906 tibi
528 1868 575 1906 de
607 1867 727 1906 rebus
760 1869 924 1906 maxima
956 1880 1050 1906 cura
1081 1869 1202 1919 meis,

324 1926 409 1965 Non
436 1931 518 1977 est,
545 1926 649 1977 quod
675 1927 835 1965 timeas.
875 1926 1029 1965 fortuna
1056 1927 1275 1965 miserrima
1300 1932 1434 1966 nostra
1461 1932 1542 1979 est,

325 1984 448 2023 Omne
481 1984 600 2023 trahit
631 1996 765 2023 secum
798 1984 973 2023 Caesaris
1006 1986 1063 2023 ira
1095 1984 1260 2023 malum.

325 2042 436 2088 Quod
469 2044 591 2092 magis
618 2048 662 2081 ut
692 2043 862 2095 liqueat,
888 2055 984 2081 neve
1010 2042 1083 2082 hoc
1111 2055 1181 2093 ego
1208 2043 1354 2094 fingere
1381 2043 1542 2096 credar,

326 2101 410 2152 [pse
430 2131 442 2152 ,
473 2100 618 2154 velim,
650 2113 796 2152 poenas
828 2102 1029 2152 experiare
1062 2113 1190 2140 meas,
