1570 2527
172 129 229 171 64
731 128 954 160 TRISTIUM

809 259 867 306 II.

290 357 371 395 Iam
404 356 486 394 sera
519 352 750 392 Caesaribus
782 352 1016 404 Germania,
1048 357 1154 391 totus
1186 357 1230 391 ut
1262 350 1391 403 orbis,

290 415 399 454 Victa
431 417 562 464 potest
592 412 692 450 ssexo
725 411 980 450 succubuisse
1012 423 1138 463 genu,

292 473 456 523 Altaque
488 470 666 509 velentur
698 471 864 508 fortasse
895 469 1040 508 Palatia
1073 470 1211 521 sertis,

292 532 475 580 Turaque
507 531 546 567 in
578 530 667 579 igne
700 533 839 567 sonent
870 528 1123 578 inficiantque
1156 527 1281 578 diem,

253 597 273 627 5
295 588 542 638 Candidaque
575 587 741 625 adducta
773 586 915 625 collum
946 597 1134 636 percussa
1166 586 1296 623 securi

292 647 455 686 Victima
487 657 687 696 purpureo
720 645 908 694 sanguine
939 643 1070 695 pulset
1100 643 1282 694 humum,

293 706 478 756 Donaque
511 705 724 742 amicorum
756 703 911 753 templis
943 703 1135 753 promissa
1166 701 1330 740 deorum

293 764 472 803 Reddere
504 764 672 801 victores
706 761 846 800 Caesar
878 766 1045 812 uterque
1076 764 1215 811 parent

293 823 343 861 Et
376 823 443 873 qui
475 821 663 860 Caesareo
696 821 857 858 iuvenes
890 818 961 858 sub
994 820 1150 857 nomine
1183 822 1390 869 crescunt,

233 889 274 919 10
295 881 490 931 Perpetuo
523 884 648 917 terras
680 883 724 917 ut
756 878 893 916 domus
924 877 987 915 illa
1020 882 1150 928 regat,

296 940 471 989 Cumque
503 937 616 975 honis
648 936 813 975 nuribus
844 948 915 986 pro
949 937 1095 986 sospite
1127 934 1233 973 Livia
1264 939 1354 972 nato

297 998 459 1036 Munera
491 996 555 1034 (let
587 996 739 1033 meritis
760 1026 770 1046 ,
803 1006 918 1045 saepe
951 994 1117 1045 datura,
1150 993 1256 1044 deis,

296 1056 345 1094 Et
376 1056 522 1106 pariter
554 1059 699 1092 matres
732 1058 770 1091 et
802 1064 900 1103 quae
933 1053 1016 1090 sine
1048 1053 1211 1090 crimine
1244 1055 1372 1089 castos

295 1114 490 1164 Perpetua
523 1112 678 1151 servant
709 1112 930 1161 virginitate
962 1111 1092 1162 focos3

235 1180 274 1210 15
296 1172 411 1211 Plebs
443 1173 505 1222 pia
538 1182 706 1221 cumque
737 1171 801 1220 pia
832 1169 998 1208 laetetur
1030 1168 1143 1220 plebe
1176 1172 1357 1220 senatus,

295 1231 496 1280 Parvaque
529 1231 640 1268 cuius
673 1240 779 1267 eram
811 1240 900 1278 pars
934 1240 1004 1278 ego
1037 1239 1186 1279 nuper,
1219 1238 1362 1277 equeS.

296 1289 374 1327 Nos
406 1286 544 1339 procul
577 1286 759 1338 expulsos
791 1287 1009 1325 communia
1042 1285 1181 1336 gaudia
1212 1284 1374 1336 fallunt,

297 1347 490 1397 Famaque
522 1351 599 1384 tam
632 1345 747 1395 longe
778 1356 856 1383 non
889 1345 965 1382 nisi
996 1355 1113 1394 parva
1144 1344 1275 1382 venit.

297 1405 400 1455 Ergo
433 1406 559 1443 omnis
591 1403 759 1454 populus
790 1404 936 1453 poterit
968 1407 1144 1453 spectare
1176 1400 1419 1452 triumphos,

234 1472 277 1502 20
299 1464 473 1514 Cumque
506 1462 650 1501 ducum
684 1461 806 1500 titulis
838 1461 978 1511 oppida
1011 1465 1121 1511 capta
1151 1459 1275 1512 leget,

300 1521 513 1572 Vinclaque
545 1522 694 1572 captiva
726 1531 838 1570 reges
870 1520 1022 1558 cervice
1055 1523 1236 1570 gerentes

299 1581 398 1619 Ante
431 1584 636 1618 coronatos
668 1580 725 1617 ire
758 1577 904 1616 videbit
936 1589 1080 1629 equos,

299 1639 348 1677 Et
380 1643 516 1677 cernet
546 1636 677 1676 vultus
709 1636 792 1675 aliis
824 1648 895 1687 pro
928 1642 1104 1686 tempore
1136 1646 1294 1686 verSOS‚

300 1695 515 1735 Terribiles
548 1695 631 1733 aliis
664 1696 978 1744 inmemoresque
1011 1695 1095 1732 sui.

238 1762 280 1793 25
302 1755 477 1800 Quorum
509 1764 598 1804 pars
631 1764 766 1791 causas
798 1758 836 1790 et
867 1763 931 1790 res
963 1757 1002 1790 et
1033 1753 1188 1790 nomina
1221 1755 1406 1802 quaeret,

299 1813 394 1852 Pars
425 1812 571 1850 referet
589 1841 600 1862 ,
632 1811 806 1861 quamvis
838 1811 990 1848 noverit
1021 1809 1084 1848 illa
1116 1821 1277 1860 parum.

301 1868 411 1923 Ἥίο,
444 1871 512 1921 qui
544 1869 703 1908 Sidonio
736 1868 858 1919 fulget
889 1868 1066 1906 sublimis
1097 1869 1138 1906 in
1170 1872 1301 1919 ostro,

300 1929 386 1968 Dux
412 1929 539 1968 suerat
569 1927 682 1978 belli,
714 1928 914 1978 proximus
946 1926 1009 1964 ille
1041 1926 1154 1965 duci.

300 1987 401 2040 Hic,
435 1988 503 2038 qui
534 1997 638 2024 nunc
669 1986 710 2023 in
741 1985 858 2023 humo
890 1984 1021 2023 lumen
1053 1983 1273 2023 miserabile
1306 1983 1413 2036 fixit,

241 2054 284 2085 30
305 2046 389 2084 Non
422 2047 497 2084 isto
529 2044 667 2095 vultu,
697 2055 789 2083 cum
820 2043 910 2081 tulit
941 2055 1075 2095 arma,
1109 2043 1202 2081 fuit.

303 2104 369 2142 Ille
402 2104 511 2142 ferox
544 2108 583 2142 et
614 2101 739 2141 adhuc
772 2101 894 2140 oculis
926 2101 1134 2140 hostilibus
1168 2100 1308 2139 ardens

302 2162 488 2200 Hortator
518 2173 670 2212 pugnae
703 2159 987 2210 consiliumque
1020 2160 1114 2198 suit.

302 2220 482 2259 Perfidus
513 2220 576 2258 liic
609 2224 763 2258 nostros
794 2217 953 2257 inclusit
984 2218 1119 2256 fraude
1151 2216 1348 2269 locorum,

305 2277 487 2329 Squalida
518 2278 722 2329 promissis
755 2278 821 2328 qui
851 2277 949 2327 tegit
979 2288 1045 2314 ora
1078 2277 1222 2315 comis.

242 2345 284 2376 35
306 2336 403 2389 Illo,
437 2337 503 2387 qui
535 2337 741 2388 sequitur,
775 2335 910 2374 dicunt
941 2340 1104 2374 mactata
1137 2335 1316 2373 ministro
