1570 2527
599 137 640 170 V.
669 139 866 170 233-304.
1317 137 1403 179 319

178 244 272 283 Vina
305 257 462 295 quoque
494 246 532 283 in
568 247 718 295 magnis
751 258 915 296 operose
948 245 1102 285 condita
1135 246 1245 286 cellis

89 310 156 342 270
237 302 426 354 Florent,
461 309 499 342 et
530 303 696 358 neliulae
730 304 830 343 dolia
864 317 1015 343 summa
1047 311 1207 356 tegunt.

176 360 288 400 Mella
321 373 451 400 meum
484 373 659 401 munus:
705 362 885 401 volucres
918 375 988 414 ego
1022 363 1132 402 mella
1167 364 1325 403 daturas

234 420 292 458 Ad
323 420 463 458 violam
496 426 535 459 et
567 422 711 471 cytisos
745 427 784 460 et
816 421 945 472 thyma
979 434 1073 461 cana
1105 434 1223 461 voco.

178 477 273 528 [Nos
308 491 463 530 quoque
496 479 599 517 idem
632 480 796 518 facimus
829 486 953 532 tunc,
985 493 1074 519 cum
1106 480 1355 521 iuvenalibus

909 551 1020 577 annls

236 595 454 635 Luxuriant
487 598 633 647 animi,
667 609 910 648 corporaque
943 600 1025 649 ipsa
1059 596 1258 649 vigent.']

89 661 156 693 275
179 653 284 692 Talia
318 655 512 694 dicentem
546 657 688 694 tacitus
721 655 918 694 mirabar.
976 662 1013 695 at
1044 656 1106 695 illa

237 710 322 752 ‘Ius
355 713 428 752 tibi
460 714 664 766 discendi,
698 716 808 764 siqua
840 712 1032 766 requiris'
1066 717 1141 755 ait.

177 768 268 810 ‘Die
301 772 372 811 dea
392 768 422 823 ,⁹
456 773 643 823 respondi
677 769 879 811 ‘ludorum
915 785 1012 824 quae
1046 775 1096 812 sit
1128 771 1284 825 orig0.'

236 830 306 869 Vix
338 830 438 869 hene
472 831 665 870 desieram
686 863 696 883 ,
729 831 881 870 rettulit
911 832 974 869 illa
1007 832 1125 871 mihi:

178 885 338 928 ‘Cetera
370 889 547 928 luxuriae
581 890 754 928 nondum
788 892 1049 929 instrumenta
1081 890 1284 942 vigebant,

90 954 156 986 280
236 948 312 986 Aut
344 960 495 999 pecus,
529 953 594 986 aut
626 948 741 986 latam
775 948 881 986 dives
913 948 1080 987 habehat
1112 949 1299 1001 humum3

175 1005 275 1044 Hinc
309 1008 424 1045 etiam
456 1006 660 1058 locuples,
693 1007 784 1045 hinc
816 1008 899 1058 ipsa
931 1009 1097 1058 pecunia
1131 1008 1233 1047 dicta
1267 1014 1349 1047 est:

237 1064 311 1103 Sed
345 1067 421 1103 iam
454 1065 501 1103 de
533 1067 651 1104 vetito
685 1067 852 1116 quisque
884 1065 1044 1116 parabat
1077 1078 1194 1116 opes.

177 1122 345 1162 Venerat
376 1125 417 1161 in
449 1136 598 1162 morem
630 1123 765 1175 populi
798 1124 1009 1175 depascere
1042 1125 1185 1176 saltus,
1328 1133 1403 1166 (1⁷0)

235 1182 355 1232 quue
389 1182 455 1220 diu
487 1182 624 1233 licuit,
659 1194 861 1233 poenaque
895 1182 1000 1221 nulla
1032 1184 1128 1222 fuit.

88 1247 154 1278 285
176 1240 335 1279 Vindice
369 1240 546 1279 servabat
578 1240 684 1279 nullo
718 1253 786 1279 sua
819 1241 974 1292 publica
1007 1242 1167 1294 volgus;

235 1299 392 1350 lamque
425 1301 464 1337 in
496 1301 646 1350 privato
679 1311 840 1349 pascere
873 1301 1011 1338 inertis
1046 1306 1150 1339 erat.

175 1357 306 1396 Plebis
339 1358 385 1396 ad
419 1358 561 1396 aediles
593 1358 782 1409 perducta
814 1358 970 1397 licentia
1002 1358 1088 1397 talis

236 1417 465 1468 Publicios;
498 1419 649 1456 animus
683 1417 807 1455 defuit
839 1423 927 1455 ante
960 1418 1075 1455 viris.

177 1475 274 1514 Rem
306 1475 473 1526 populus
505 1478 674 1527 recipit,
708 1475 867 1514 multam
901 1475 1057 1514 subiere
1091 1483 1302 1515 nocentes:

89 1542 156 1573 290
236 1534 464 1573 Vindicibus
496 1534 601 1572 laudi
633 1534 787 1585 publica
820 1546 912 1573 cura
946 1535 1041 1573 fuit.

177 1593 296 1632 Multa
329 1593 415 1632 data
448 1599 507 1631 est
539 1605 585 1631 ex
618 1600 728 1643 parte
760 1593 884 1645 mihi,
918 1605 1135 1644 magnoque
1168 1594 1299 1632 favore

237 1651 414 1690 Victores
447 1651 559 1690 ludos
592 1653 799 1690 instituere
832 1664 976 1691 novos.

176 1710 292 1749 Parte
324 1710 453 1749 locant
485 1710 624 1749 clivum
645 1742 656 1762 ,
689 1712 755 1761 qui
788 1716 882 1749 tunc
915 1716 997 1749 erat
1030 1710 1149 1749 ardua
1182 1723 1326 1761 rupes:

236 1768 336 1807 Utile
369 1781 474 1807 nunc
506 1771 581 1807 iter
614 1774 702 1820 est,
734 1769 1034 1820 Publiciumque
1068 1766 1252 1808 vocant.'

91 1835 156 1866 295
177 1829 315 1866 Annua
347 1827 589 1866 credideram
625 1828 844 1879 spectacula
878 1829 1005 1867 facta.
1063 1830 1240 1880 negavit,

235 1886 392 1925 Addidit
425 1892 464 1925 et
495 1886 608 1925 dictis
641 1886 760 1925 altera
794 1886 910 1925 verba
944 1888 1048 1926 suis:

179 1941 278 1983 ‘Nos
311 1957 467 1995 quoque
500 1947 623 1995 tangit
648 1945 802 1984 honor.
854 1946 963 1984 festis
990 1945 1204 1996 gaudemus
1238 1951 1276 1984 et
1302 1947 1399 1998 aris,

235 2003 445 2053 Turbaque
478 2004 665 2042 caelestes
698 2003 900 2041 ambitiosa
934 2015 1092 2043 sumus.

178 2061 301 2113 Saepe
335 2062 427 2100 deos
461 2061 599 2113 aliquis
631 2062 829 2112 peccando
862 2062 955 2100 fecit
986 2064 1166 2114 iniquos,

89 2127 156 2160 300
235 2120 285 2159 Et
316 2133 388 2172 pro
421 2120 574 2159 delictis
606 2120 732 2159 hostia
765 2120 902 2159 blanda
935 2121 1030 2159 suit.

179 2179 302 2230 Saepe
334 2179 462 2218 Iovem
495 2179 601 2231 vidi,
636 2191 724 2218 cum
756 2181 832 2218 iam
865 2191 933 2218 sua
967 2181 1122 2218 mittere
1156 2179 1270 2219 vellet

237 2237 443 2290 Fulmina,
476 2244 565 2277 ture
599 2238 686 2276 dato
720 2240 953 2277 sustinuisse
987 2250 1168 2277 manum.

175 2297 225 2336 At
256 2298 289 2335 si
321 2297 774 2348 neglegiimlr,-magnis
806 2298 947 2336 iniuria
979 2299 1116 2349 poenis

237 2355 437 2408 Solvitur,
469 2362 508 2395 et
539 2358 686 2395 iustum
720 2357 908 2406 praeterit
939 2358 993 2394 ira
1027 2356 1206 2395 modum.
