<?xml version="1.0" encoding="UTF-8"?>
<!DOCTYPE html PUBLIC "-//W3C//DTD XHTML 1.0 Transitional//EN"
    "http://www.w3.org/TR/xhtml1/DTD/xhtml1-transitional.dtd">
<html xmlns="http://www.w3.org/1999/xhtml" xml:lang="en" lang="en">
 <head>
  <title>
</title>
<meta http-equiv="Content-Type" content="text/html;charset=utf-8" />
  <meta name='ocr-system' content='tesseract 3.04.00' />
  <meta name='ocr-capabilities' content='ocr_page ocr_carea ocr_par ocr_line ocrx_word'/>
</head>
<body>
  <div class='ocr_page' id='page_1' title='image "./ovidopera03oviduoft_0283.png"; bbox 0 0 1570 2527; ppageno 0'>
   <div class='ocr_carea' id='block_1_1' title="bbox 667 111 1462 152">
    <p class='ocr_par' dir='ltr' id='par_1_1' title="bbox 667 111 1462 152">
     <span class='ocr_line' id='line_1_1' title="bbox 667 111 1462 152; baseline 0.011 -8"><span class='ocrx_word' id='word_1_1' title='bbox 667 111 694 145; x_wconf 93' lang='lat'>1.</span> <span class='ocrx_word' id='word_1_2' title='bbox 722 113 920 145; x_wconf 82' lang='lat'><strong>387—458.</strong></span> <span class='ocrx_word' id='word_1_3' title='bbox 1374 111 1462 152; x_wconf 83' lang='lat'>225</span> 
     </span>
    </p>
   </div>
   <div class='ocr_carea' id='block_1_2' title="bbox 147 219 1408 2325">
    <p class='ocr_par' dir='ltr' id='par_1_2' title="bbox 147 219 1408 2325">
     <span class='ocr_line' id='line_1_2' title="bbox 297 219 1158 271; baseline 0 -12"><span class='ocrx_word' id='word_1_4' title='bbox 297 221 407 260; x_wconf 87' lang='lat' dir='ltr'>Sicut</span> <span class='ocrx_word' id='word_1_5' title='bbox 438 225 522 259; x_wconf 85' lang='lat' dir='ltr'>erat</span> <span class='ocrx_word' id='word_1_6' title='bbox 553 219 641 259; x_wconf 89' lang='lat' dir='ltr'>lusu</span> <span class='ocrx_word' id='word_1_7' title='bbox 674 220 775 258; x_wconf 87' lang='lat' dir='ltr'>fessa</span> <span class='ocrx_word' id='word_1_8' title='bbox 795 252 805 270; x_wconf 83' lang='lat'><em>‚</em></span> <span class='ocrx_word' id='word_1_9' title='bbox 838 221 985 271; x_wconf 90' lang='lat' dir='ltr'>quievit</span> <span class='ocrx_word' id='word_1_10' title='bbox 1016 220 1158 259; x_wconf 86' lang='lat' dir='ltr'>humo.</span> 
     </span>
     <span class='ocr_line' id='line_1_3' title="bbox 147 279 1376 330; baseline -0.001 -11"><span class='ocrx_word' id='word_1_11' title='bbox 147 286 215 319; x_wconf 78' lang='lat'>425</span> <span class='ocrx_word' id='word_1_12' title='bbox 238 279 371 329; x_wconf 71' lang='lat' dir='ltr'>Surgit</span> <span class='ocrx_word' id='word_1_13' title='bbox 403 291 535 317; x_wconf 84' lang='lat' dir='ltr'>amans</span> <span class='ocrx_word' id='word_1_14' title='bbox 554 310 564 330; x_wconf 87' lang='lat'>‚</span> <span class='ocrx_word' id='word_1_15' title='bbox 597 279 843 330; x_wconf 79' lang='lat' dir='ltr'><strong>animamque</strong></span> <span class='ocrx_word' id='word_1_16' title='bbox 875 284 1014 318; x_wconf 87' lang='lat' dir='ltr'>tenens</span> <span class='ocrx_word' id='word_1_17' title='bbox 1047 280 1208 330; x_wconf 82' lang='lat' dir='ltr'>vestigia</span> <span class='ocrx_word' id='word_1_18' title='bbox 1240 279 1376 318; x_wconf 88' lang='lat' dir='ltr'>furtim</span> 
     </span>
     <span class='ocr_line' id='line_1_4' title="bbox 297 337 1173 389; baseline 0 -13"><span class='ocrx_word' id='word_1_19' title='bbox 297 337 495 389; x_wconf 85' lang='lat' dir='ltr'>Suspenso</span> <span class='ocrx_word' id='word_1_20' title='bbox 529 337 660 388; x_wconf 84' lang='lat' dir='ltr'>digitis</span> <span class='ocrx_word' id='word_1_21' title='bbox 692 337 770 375; x_wconf 86' lang='lat' dir='ltr'>fert</span> <span class='ocrx_word' id='word_1_22' title='bbox 802 338 994 376; x_wconf 82' lang='lat' dir='ltr'>taciturna</span> <span class='ocrx_word' id='word_1_23' title='bbox 1027 337 1173 388; x_wconf 88' lang='lat' dir='ltr'>gradu.</span> 
     </span>
     <span class='ocr_line' id='line_1_5' title="bbox 236 395 1218 448; baseline 0 -13"><span class='ocrx_word' id='word_1_24' title='bbox 236 395 286 435; x_wconf 79' lang='lat' dir='ltr'>Ut</span> <span class='ocrx_word' id='word_1_25' title='bbox 319 397 446 448; x_wconf 87' lang='lat' dir='ltr'>tetigit</span> <span class='ocrx_word' id='word_1_26' title='bbox 477 397 612 434; x_wconf 86' lang='lat' dir='ltr'>niveae</span> <span class='ocrx_word' id='word_1_27' title='bbox 645 400 795 434; x_wconf 85' lang='lat' dir='ltr'>secreta</span> <span class='ocrx_word' id='word_1_28' title='bbox 829 395 971 434; x_wconf 89' lang='lat' dir='ltr'>cubilia</span> <span class='ocrx_word' id='word_1_29' title='bbox 1003 396 1218 448; x_wconf 76' lang='lat' dir='ltr'>nymphae,</span> 
     </span>
     <span class='ocr_line' id='line_1_6' title="bbox 295 454 1165 506; baseline 0 -13"><span class='ocrx_word' id='word_1_30' title='bbox 295 455 381 505; x_wconf 89' lang='lat' dir='ltr'>Ipsa</span> <span class='ocrx_word' id='word_1_31' title='bbox 413 455 474 493; x_wconf 88' lang='lat' dir='ltr'>sui</span> <span class='ocrx_word' id='word_1_32' title='bbox 506 454 619 493; x_wconf 85' lang='lat' dir='ltr'>ssatus</span> <span class='ocrx_word' id='word_1_33' title='bbox 653 466 701 492; x_wconf 91' lang='lat' dir='ltr'>ne</span> <span class='ocrx_word' id='word_1_34' title='bbox 735 460 847 492; x_wconf 91' lang='lat' dir='ltr'>sonet</span> <span class='ocrx_word' id='word_1_35' title='bbox 879 466 970 492; x_wconf 86' lang='lat' dir='ltr'>aura</span> <span class='ocrx_word' id='word_1_36' title='bbox 991 486 1001 506; x_wconf 90' lang='lat'>‚</span> <span class='ocrx_word' id='word_1_37' title='bbox 1034 461 1165 494; x_wconf 86' lang='lat' dir='ltr'>cavet.</span> 
     </span>
     <span class='ocr_line' id='line_1_7' title="bbox 237 512 1206 564; baseline 0.001 -13"><span class='ocrx_word' id='word_1_38' title='bbox 237 512 285 552; x_wconf 84' lang='lat' dir='ltr'>Et</span> <span class='ocrx_word' id='word_1_39' title='bbox 316 516 392 551; x_wconf 89' lang='lat' dir='ltr'>iam</span> <span class='ocrx_word' id='word_1_40' title='bbox 423 513 586 551; x_wconf 88' lang='lat' dir='ltr'>finitima</span> <span class='ocrx_word' id='word_1_41' title='bbox 619 524 762 564; x_wconf 87' lang='lat' dir='ltr'>corpus</span> <span class='ocrx_word' id='word_1_42' title='bbox 794 512 959 551; x_wconf 83' lang='lat' dir='ltr'>librabat</span> <span class='ocrx_word' id='word_1_43' title='bbox 990 514 1030 551; x_wconf 89' lang='lat' dir='ltr'>in</span> <span class='ocrx_word' id='word_1_44' title='bbox 1062 512 1206 553; x_wconf 87' lang='lat' dir='ltr'>herba:</span> 
     </span>
     <span class='ocr_line' id='line_1_8' title="bbox 148 570 1137 623; baseline 0 -12"><span class='ocrx_word' id='word_1_45' title='bbox 148 580 217 611; x_wconf 82' lang='lat'>430</span> <span class='ocrx_word' id='word_1_46' title='bbox 296 571 363 610; x_wconf 90' lang='lat' dir='ltr'>Illa</span> <span class='ocrx_word' id='word_1_47' title='bbox 395 577 525 610; x_wconf 86' lang='lat' dir='ltr'>tamen</span> <span class='ocrx_word' id='word_1_48' title='bbox 557 570 669 611; x_wconf 88' lang='lat' dir='ltr'>multi</span> <span class='ocrx_word' id='word_1_49' title='bbox 701 571 813 622; x_wconf 87' lang='lat' dir='ltr'>plena</span> <span class='ocrx_word' id='word_1_50' title='bbox 845 573 999 623; x_wconf 87' lang='lat' dir='ltr'>soporis</span> <span class='ocrx_word' id='word_1_51' title='bbox 1032 578 1137 611; x_wconf 89' lang='lat' dir='ltr'>erat.</span> 
     </span>
     <span class='ocr_line' id='line_1_9' title="bbox 237 629 1235 682; baseline 0.001 -13"><span class='ocrx_word' id='word_1_52' title='bbox 237 629 417 682; x_wconf 84' lang='lat' dir='ltr'>Gaudet,</span> <span class='ocrx_word' id='word_1_53' title='bbox 450 635 489 669; x_wconf 87' lang='lat' dir='ltr'>et</span> <span class='ocrx_word' id='word_1_54' title='bbox 520 642 541 668; x_wconf 89' lang='lat' dir='ltr'>a</span> <span class='ocrx_word' id='word_1_55' title='bbox 572 629 737 681; x_wconf 88' lang='lat' dir='ltr'>pedibus</span> <span class='ocrx_word' id='word_1_56' title='bbox 770 635 894 669; x_wconf 83' lang='lat' dir='ltr'>tracto</span> <span class='ocrx_word' id='word_1_57' title='bbox 928 629 1117 670; x_wconf 88' lang='lat' dir='ltr'>velamine</span> <span class='ocrx_word' id='word_1_58' title='bbox 1150 636 1235 670; x_wconf 82' lang='lat' dir='ltr'>vota</span> 
     </span>
     <span class='ocr_line' id='line_1_10' title="bbox 294 688 1006 739; baseline -0.001 -12"><span class='ocrx_word' id='word_1_59' title='bbox 294 689 351 727; x_wconf 89' lang='lat' dir='ltr'>Ad</span> <span class='ocrx_word' id='word_1_60' title='bbox 383 701 452 727; x_wconf 87' lang='lat' dir='ltr'>sua</span> <span class='ocrx_word' id='word_1_61' title='bbox 484 688 588 727; x_wconf 82' lang='lat' dir='ltr'>felici</span> <span class='ocrx_word' id='word_1_62' title='bbox 620 694 804 739; x_wconf 86' lang='lat' dir='ltr'>coeperat</span> <span class='ocrx_word' id='word_1_63' title='bbox 834 690 891 727; x_wconf 90' lang='lat' dir='ltr'>ire</span> <span class='ocrx_word' id='word_1_64' title='bbox 924 690 1006 727; x_wconf 83' lang='lat' dir='ltr'>via.</span> 
     </span>
     <span class='ocr_line' id='line_1_11' title="bbox 236 746 1162 786; baseline 0 0"><span class='ocrx_word' id='word_1_65' title='bbox 236 746 338 786; x_wconf 90' lang='lat' dir='ltr'>Ecce</span> <span class='ocrx_word' id='word_1_66' title='bbox 371 747 517 786; x_wconf 89' lang='lat' dir='ltr'>rudens</span> <span class='ocrx_word' id='word_1_67' title='bbox 549 759 668 786; x_wconf 87' lang='lat' dir='ltr'>rauco</span> <span class='ocrx_word' id='word_1_68' title='bbox 702 746 823 785; x_wconf 90' lang='lat' dir='ltr'>Sileni</span> <span class='ocrx_word' id='word_1_69' title='bbox 854 752 988 786; x_wconf 90' lang='lat' dir='ltr'>vector</span> <span class='ocrx_word' id='word_1_70' title='bbox 1020 747 1162 786; x_wconf 87' lang='lat' dir='ltr'>asellus</span> 
     </span>
     <span class='ocr_line' id='line_1_12' title="bbox 295 805 1020 857; baseline 0.001 -13"><span class='ocrx_word' id='word_1_71' title='bbox 295 806 594 857; x_wconf 82' lang='lat' dir='ltr'>Intempestivos</span> <span class='ocrx_word' id='word_1_72' title='bbox 628 805 748 844; x_wconf 85' lang='lat' dir='ltr'>edidit</span> <span class='ocrx_word' id='word_1_73' title='bbox 780 817 848 844; x_wconf 87' lang='lat' dir='ltr'>ore</span> <span class='ocrx_word' id='word_1_74' title='bbox 880 818 1020 845; x_wconf 91' lang='lat' dir='ltr'>sonos.</span> 
     </span>
     <span class='ocr_line' id='line_1_13' title="bbox 148 864 1362 916; baseline -0.001 -12"><span class='ocrx_word' id='word_1_75' title='bbox 148 872 216 904; x_wconf 85' lang='lat'>435</span> <span class='ocrx_word' id='word_1_76' title='bbox 237 864 390 903; x_wconf 82' lang='lat' dir='ltr'>Territa</span> <span class='ocrx_word' id='word_1_77' title='bbox 423 865 626 914; x_wconf 82' lang='lat' dir='ltr'>consurgit</span> <span class='ocrx_word' id='word_1_78' title='bbox 658 864 826 915; x_wconf 83' lang='lat' dir='ltr'>nymphe</span> <span class='ocrx_word' id='word_1_79' title='bbox 846 895 856 915; x_wconf 85' lang='lat'><em>‚</em></span> <span class='ocrx_word' id='word_1_80' title='bbox 889 864 1145 915; x_wconf 84' lang='lat' dir='ltr'>manibusque</span> <span class='ocrx_word' id='word_1_81' title='bbox 1178 864 1362 916; x_wconf 77' lang='lat' dir='ltr'>Priapum</span> 
     </span>
     <span class='ocr_line' id='line_1_14' title="bbox 294 922 1250 975; baseline 0.001 -14"><span class='ocrx_word' id='word_1_82' title='bbox 294 922 450 975; x_wconf 88' lang='lat' dir='ltr'>Reicit‚</span> <span class='ocrx_word' id='word_1_83' title='bbox 483 929 522 961; x_wconf 93' lang='lat' dir='ltr'>et</span> <span class='ocrx_word' id='word_1_84' title='bbox 553 922 707 973; x_wconf 79' lang='lat' dir='ltr'>fugiens</span> <span class='ocrx_word' id='word_1_85' title='bbox 740 924 910 961; x_wconf 87' lang='lat' dir='ltr'>concitat</span> <span class='ocrx_word' id='word_1_86' title='bbox 941 935 1055 961; x_wconf 91' lang='lat' dir='ltr'>omne</span> <span class='ocrx_word' id='word_1_87' title='bbox 1088 935 1250 962; x_wconf 90' lang='lat' dir='ltr'>nemus.</span> 
     </span>
     <span class='ocr_line' id='line_1_15' title="bbox 235 980 1387 1034; baseline 0 -13"><span class='ocrx_word' id='word_1_88' title='bbox 235 982 285 1021; x_wconf 88' lang='lat' dir='ltr'>At</span> <span class='ocrx_word' id='word_1_89' title='bbox 316 982 442 1033; x_wconf 89' lang='lat' dir='ltr'>deus,</span> <span class='ocrx_word' id='word_1_90' title='bbox 476 980 645 1020; x_wconf 85' lang='lat' dir='ltr'>obscena</span> <span class='ocrx_word' id='word_1_91' title='bbox 677 982 840 1020; x_wconf 88' lang='lat' dir='ltr'>nimium</span> <span class='ocrx_word' id='word_1_92' title='bbox 874 993 1030 1033; x_wconf 90' lang='lat' dir='ltr'>quoque</span> <span class='ocrx_word' id='word_1_93' title='bbox 1062 988 1171 1032; x_wconf 89' lang='lat' dir='ltr'>parte</span> <span class='ocrx_word' id='word_1_94' title='bbox 1204 988 1387 1034; x_wconf 86' lang='lat' dir='ltr'>paratus,</span> 
     </span>
     <span class='ocr_line' id='line_1_16' title="bbox 295 1039 1165 1080; baseline 0.001 -2"><span class='ocrx_word' id='word_1_95' title='bbox 295 1039 486 1079; x_wconf 89' lang='lat' dir='ltr'>Omnibus</span> <span class='ocrx_word' id='word_1_96' title='bbox 519 1040 565 1078; x_wconf 91' lang='lat' dir='ltr'>ad</span> <span class='ocrx_word' id='word_1_97' title='bbox 598 1039 712 1078; x_wconf 91' lang='lat' dir='ltr'>lunae</span> <span class='ocrx_word' id='word_1_98' title='bbox 745 1040 890 1079; x_wconf 86' lang='lat' dir='ltr'>lumina</span> <span class='ocrx_word' id='word_1_99' title='bbox 923 1042 1026 1079; x_wconf 85' lang='lat' dir='ltr'>risus</span> <span class='ocrx_word' id='word_1_100' title='bbox 1060 1047 1165 1080; x_wconf 86' lang='lat' dir='ltr'>erat.</span> 
     </span>
     <span class='ocr_line' id='line_1_17' title="bbox 236 1098 1388 1150; baseline 0.002 -13"><span class='ocrx_word' id='word_1_101' title='bbox 236 1098 361 1137; x_wconf 88' lang='lat' dir='ltr'>Morte</span> <span class='ocrx_word' id='word_1_102' title='bbox 395 1098 502 1137; x_wconf 87' lang='lat' dir='ltr'>dedit</span> <span class='ocrx_word' id='word_1_103' title='bbox 533 1111 679 1150; x_wconf 87' lang='lat' dir='ltr'>poenas</span> <span class='ocrx_word' id='word_1_104' title='bbox 712 1104 848 1138; x_wconf 84' lang='lat' dir='ltr'>auctor</span> <span class='ocrx_word' id='word_1_105' title='bbox 881 1099 1085 1137; x_wconf 88' lang='lat' dir='ltr'>clamoris:</span> <span class='ocrx_word' id='word_1_106' title='bbox 1131 1105 1170 1138; x_wconf 91' lang='lat' dir='ltr'>et</span> <span class='ocrx_word' id='word_1_107' title='bbox 1200 1099 1295 1139; x_wconf 84' lang='lat' dir='ltr'>haec</span> <span class='ocrx_word' id='word_1_108' title='bbox 1329 1106 1388 1139; x_wconf 88' lang='lat' dir='ltr'>est</span> 
     </span>
     <span class='ocr_line' id='line_1_18' title="bbox 147 1156 1061 1208; baseline 0 -12"><span class='ocrx_word' id='word_1_109' title='bbox 147 1165 215 1197; x_wconf 84' lang='grc'>440</span> <span class='ocrx_word' id='word_1_110' title='bbox 295 1156 608 1208; x_wconf 88' lang='lat' dir='ltr'>Hellespontiaco</span> <span class='ocrx_word' id='word_1_111' title='bbox 640 1158 795 1196; x_wconf 86' lang='lat' dir='ltr'>victima</span> <span class='ocrx_word' id='word_1_112' title='bbox 826 1164 933 1208; x_wconf 86' lang='lat' dir='ltr'>grata</span> <span class='ocrx_word' id='word_1_113' title='bbox 966 1158 1061 1196; x_wconf 92' lang='lat' dir='ltr'>deo.</span> 
     </span>
     <span class='ocr_line' id='line_1_19' title="bbox 235 1215 1086 1268; baseline 0 -14"><span class='ocrx_word' id='word_1_114' title='bbox 235 1215 406 1255; x_wconf 85' lang='lat' dir='ltr'>Intactae</span> <span class='ocrx_word' id='word_1_115' title='bbox 438 1216 601 1255; x_wconf 85' lang='lat' dir='ltr'>fueratis</span> <span class='ocrx_word' id='word_1_116' title='bbox 634 1228 752 1268; x_wconf 85' lang='lat' dir='ltr'>aves,</span> <span class='ocrx_word' id='word_1_117' title='bbox 787 1216 927 1254; x_wconf 86' lang='lat' dir='ltr'>solacia</span> <span class='ocrx_word' id='word_1_118' title='bbox 958 1218 1086 1268; x_wconf 82' lang='lat' dir='ltr'>ruris,</span> 
     </span>
     <span class='ocr_line' id='line_1_20' title="bbox 293 1274 1152 1326; baseline -0.001 -12"><span class='ocrx_word' id='word_1_119' title='bbox 293 1275 509 1314; x_wconf 87' lang='lat' dir='ltr'>Adsuetum</span> <span class='ocrx_word' id='word_1_120' title='bbox 542 1274 647 1313; x_wconf 87' lang='lat' dir='ltr'>silvis</span> <span class='ocrx_word' id='word_1_121' title='bbox 680 1276 972 1325; x_wconf 85' lang='lat' dir='ltr'>innocuumque</span> <span class='ocrx_word' id='word_1_122' title='bbox 1004 1287 1152 1326; x_wconf 83' lang='lat' dir='ltr'>genus,</span> 
     </span>
     <span class='ocr_line' id='line_1_21' title="bbox 236 1332 1280 1386; baseline 0 -14"><span class='ocrx_word' id='word_1_123' title='bbox 236 1333 344 1379; x_wconf 87' lang='lat' dir='ltr'>Quae</span> <span class='ocrx_word' id='word_1_124' title='bbox 376 1334 504 1372; x_wconf 82' lang='lat' dir='ltr'>facitis</span> <span class='ocrx_word' id='word_1_125' title='bbox 536 1332 648 1371; x_wconf 90' lang='lat' dir='ltr'>nidos</span> <span class='ocrx_word' id='word_1_126' title='bbox 668 1364 679 1385; x_wconf 85' lang='lat'><em>,</em></span> <span class='ocrx_word' id='word_1_127' title='bbox 711 1345 810 1384; x_wconf 86' lang='lat' dir='ltr'>quae</span> <span class='ocrx_word' id='word_1_128' title='bbox 841 1333 984 1385; x_wconf 86' lang='lat' dir='ltr'>plumis</span> <span class='ocrx_word' id='word_1_129' title='bbox 1017 1345 1087 1372; x_wconf 89' lang='lat' dir='ltr'>ova</span> <span class='ocrx_word' id='word_1_130' title='bbox 1120 1334 1280 1386; x_wconf 81' lang='lat' dir='ltr'>fovetis,</span> 
     </span>
     <span class='ocr_line' id='line_1_22' title="bbox 294 1391 1085 1431; baseline 0 -1"><span class='ocrx_word' id='word_1_131' title='bbox 294 1391 344 1431; x_wconf 90' lang='lat' dir='ltr'>Et</span> <span class='ocrx_word' id='word_1_132' title='bbox 377 1391 480 1430; x_wconf 89' lang='lat' dir='ltr'>facili</span> <span class='ocrx_word' id='word_1_133' title='bbox 512 1391 646 1430; x_wconf 89' lang='lat' dir='ltr'>dulces</span> <span class='ocrx_word' id='word_1_134' title='bbox 679 1392 794 1431; x_wconf 88' lang='lat' dir='ltr'>editis</span> <span class='ocrx_word' id='word_1_135' title='bbox 827 1404 894 1431; x_wconf 94' lang='lat' dir='ltr'>ore</span> <span class='ocrx_word' id='word_1_136' title='bbox 927 1391 1085 1431; x_wconf 90' lang='lat' dir='ltr'>modos.</span> 
     </span>
     <span class='ocr_line' id='line_1_23' title="bbox 147 1449 1398 1504; baseline 0 -14"><span class='ocrx_word' id='word_1_137' title='bbox 147 1458 216 1491; x_wconf 88' lang='grc'>445</span> <span class='ocrx_word' id='word_1_138' title='bbox 238 1450 315 1490; x_wconf 89' lang='lat' dir='ltr'>Sed</span> <span class='ocrx_word' id='word_1_139' title='bbox 348 1449 404 1489; x_wconf 91' lang='lat' dir='ltr'>nil</span> <span class='ocrx_word' id='word_1_140' title='bbox 433 1452 508 1490; x_wconf 85' lang='lat' dir='ltr'>ista</span> <span class='ocrx_word' id='word_1_141' title='bbox 539 1452 700 1503; x_wconf 86' lang='lat' dir='ltr'>iuvant,</span> <span class='ocrx_word' id='word_1_142' title='bbox 734 1452 822 1502; x_wconf 88' lang='lat' dir='ltr'>quia</span> <span class='ocrx_word' id='word_1_143' title='bbox 854 1450 1008 1502; x_wconf 84' lang='lat' dir='ltr'>linguae</span> <span class='ocrx_word' id='word_1_144' title='bbox 1042 1452 1190 1490; x_wconf 87' lang='lat' dir='ltr'>crimen</span> <span class='ocrx_word' id='word_1_145' title='bbox 1222 1450 1398 1504; x_wconf 88' lang='lat' dir='ltr'>habetis,</span> 
     </span>
     <span class='ocr_line' id='line_1_24' title="bbox 294 1509 1204 1561; baseline 0.001 -13"><span class='ocrx_word' id='word_1_146' title='bbox 294 1509 418 1560; x_wconf 89' lang='lat' dir='ltr'>Dique</span> <span class='ocrx_word' id='word_1_147' title='bbox 451 1515 591 1560; x_wconf 87' lang='lat' dir='ltr'>putant</span> <span class='ocrx_word' id='word_1_148' title='bbox 622 1514 774 1548; x_wconf 84' lang='lat' dir='ltr'>mentes</span> <span class='ocrx_word' id='word_1_149' title='bbox 805 1521 873 1547; x_wconf 91' lang='lat' dir='ltr'>vos</span> <span class='ocrx_word' id='word_1_150' title='bbox 906 1511 1058 1561; x_wconf 87' lang='lat' dir='ltr'>aperire</span> <span class='ocrx_word' id='word_1_151' title='bbox 1091 1522 1204 1550; x_wconf 80' lang='lat' dir='ltr'>suas,</span> 
     </span>
     <span class='ocr_line' id='line_1_25' title="bbox 235 1567 1317 1620; baseline 0 -13"><span class='ocrx_word' id='word_1_152' title='bbox 235 1567 316 1607; x_wconf 88' lang='lat' dir='ltr'>Nec</span> <span class='ocrx_word' id='word_1_153' title='bbox 347 1575 477 1606; x_wconf 86' lang='lat' dir='ltr'>tamen</span> <span class='ocrx_word' id='word_1_154' title='bbox 509 1568 583 1606; x_wconf 90' lang='lat' dir='ltr'>hoc</span> <span class='ocrx_word' id='word_1_155' title='bbox 615 1567 778 1607; x_wconf 81' lang='lat' dir='ltr'>falsum:</span> <span class='ocrx_word' id='word_1_156' title='bbox 823 1580 942 1620; x_wconf 81' lang='lat' dir='ltr'>nam,</span> <span class='ocrx_word' id='word_1_157' title='bbox 975 1568 1034 1606; x_wconf 88' lang='lat' dir='ltr'>dis</span> <span class='ocrx_word' id='word_1_158' title='bbox 1066 1574 1110 1607; x_wconf 92' lang='lat' dir='ltr'>ut</span> <span class='ocrx_word' id='word_1_159' title='bbox 1140 1570 1317 1620; x_wconf 86' lang='lat' dir='ltr'>proxima</span> 
     </span>
     <span class='ocr_line' id='line_1_26' title="bbox 965 1639 1166 1679; baseline 0.005 -14"><span class='ocrx_word' id='word_1_160' title='bbox 965 1639 1166 1679; x_wconf 89' lang='lat' dir='ltr'>quaeque,</span> 
     </span>
     <span class='ocr_line' id='line_1_27' title="bbox 294 1684 1265 1737; baseline 0 -13"><span class='ocrx_word' id='word_1_161' title='bbox 294 1684 405 1725; x_wconf 87' lang='lat' dir='ltr'>Nunc</span> <span class='ocrx_word' id='word_1_162' title='bbox 438 1687 556 1737; x_wconf 87' lang='lat' dir='ltr'>pinna</span> <span class='ocrx_word' id='word_1_163' title='bbox 588 1697 699 1724; x_wconf 81' lang='lat' dir='ltr'>veras</span> <span class='ocrx_word' id='word_1_164' title='bbox 718 1716 729 1737; x_wconf 84' lang='lat'>,</span> <span class='ocrx_word' id='word_1_165' title='bbox 762 1697 866 1724; x_wconf 88' lang='lat' dir='ltr'>nunc</span> <span class='ocrx_word' id='word_1_166' title='bbox 899 1685 998 1724; x_wconf 86' lang='lat' dir='ltr'>datis</span> <span class='ocrx_word' id='word_1_167' title='bbox 1030 1697 1098 1724; x_wconf 89' lang='lat' dir='ltr'>ore</span> <span class='ocrx_word' id='word_1_168' title='bbox 1130 1691 1265 1724; x_wconf 89' lang='lat' dir='ltr'>notas.</span> 
     </span>
     <span class='ocr_line' id='line_1_28' title="bbox 236 1743 1408 1797; baseline 0.001 -14"><span class='ocrx_word' id='word_1_169' title='bbox 236 1744 335 1783; x_wconf 83' lang='lat' dir='ltr'>Tuta</span> <span class='ocrx_word' id='word_1_170' title='bbox 367 1743 433 1783; x_wconf 90' lang='lat' dir='ltr'>diu</span> <span class='ocrx_word' id='word_1_171' title='bbox 465 1743 669 1783; x_wconf 86' lang='lat' dir='ltr'>volucrum</span> <span class='ocrx_word' id='word_1_172' title='bbox 700 1743 831 1795; x_wconf 89' lang='lat' dir='ltr'>proles</span> <span class='ocrx_word' id='word_1_173' title='bbox 863 1749 946 1783; x_wconf 86' lang='lat' dir='ltr'>tum</span> <span class='ocrx_word' id='word_1_174' title='bbox 979 1743 1148 1795; x_wconf 86' lang='lat' dir='ltr'>denique</span> <span class='ocrx_word' id='word_1_175' title='bbox 1181 1756 1293 1783; x_wconf 87' lang='lat' dir='ltr'>caesa</span> <span class='ocrx_word' id='word_1_176' title='bbox 1325 1751 1408 1797; x_wconf 90' lang='lat' dir='ltr'>est,</span> 
     </span>
     <span class='ocr_line' id='line_1_29' title="bbox 147 1794 1096 1854; baseline 0 -12"><span class='ocrx_word' id='word_1_177' title='bbox 147 1811 215 1842; x_wconf 84' lang='grc'>450</span> <span class='ocrx_word' id='word_1_178' title='bbox 294 1794 561 1854; x_wconf 87' lang='lat' dir='ltr'>Iuveruntque</span> <span class='ocrx_word' id='word_1_179' title='bbox 594 1802 688 1841; x_wconf 88' lang='lat' dir='ltr'>deos</span> <span class='ocrx_word' id='word_1_180' title='bbox 720 1802 861 1841; x_wconf 90' lang='lat' dir='ltr'>indicis</span> <span class='ocrx_word' id='word_1_181' title='bbox 894 1809 981 1841; x_wconf 84' lang='lat' dir='ltr'>exta</span> <span class='ocrx_word' id='word_1_182' title='bbox 1013 1804 1096 1842; x_wconf 89' lang='lat' dir='ltr'>sui.</span> 
     </span>
     <span class='ocr_line' id='line_1_30' title="bbox 235 1861 1161 1912; baseline 0 -12"><span class='ocrx_word' id='word_1_183' title='bbox 235 1861 338 1912; x_wconf 86' lang='lat' dir='ltr'>Ergo</span> <span class='ocrx_word' id='word_1_184' title='bbox 371 1873 487 1912; x_wconf 86' lang='lat' dir='ltr'>saepe</span> <span class='ocrx_word' id='word_1_185' title='bbox 519 1874 590 1900; x_wconf 92' lang='lat' dir='ltr'>suo</span> <span class='ocrx_word' id='word_1_186' title='bbox 623 1862 794 1900; x_wconf 84' lang='lat' dir='ltr'>coniunx</span> <span class='ocrx_word' id='word_1_187' title='bbox 825 1861 991 1901; x_wconf 85' lang='lat' dir='ltr'>abducta</span> <span class='ocrx_word' id='word_1_188' title='bbox 1021 1863 1161 1900; x_wconf 89' lang='lat' dir='ltr'>marito</span> 
     </span>
     <span class='ocr_line' id='line_1_31' title="bbox 294 1919 1071 1959; baseline 0 -1"><span class='ocrx_word' id='word_1_189' title='bbox 294 1919 431 1959; x_wconf 87' lang='lat' dir='ltr'>Uritur</span> <span class='ocrx_word' id='word_1_190' title='bbox 462 1919 592 1959; x_wconf 89' lang='lat' dir='ltr'>Idaliis</span> <span class='ocrx_word' id='word_1_191' title='bbox 624 1919 708 1959; x_wconf 85' lang='lat' dir='ltr'>alba</span> <span class='ocrx_word' id='word_1_192' title='bbox 741 1920 920 1959; x_wconf 92' lang='lat' dir='ltr'>columba</span> <span class='ocrx_word' id='word_1_193' title='bbox 952 1921 1071 1959; x_wconf 80' lang='lat' dir='ltr'>focis.</span> 
     </span>
     <span class='ocr_line' id='line_1_32' title="bbox 234 1977 1341 2030; baseline 0.001 -13"><span class='ocrx_word' id='word_1_194' title='bbox 234 1977 315 2018; x_wconf 91' lang='lat' dir='ltr'>Nec</span> <span class='ocrx_word' id='word_1_195' title='bbox 347 1978 507 2017; x_wconf 87' lang='lat' dir='ltr'>defensa</span> <span class='ocrx_word' id='word_1_196' title='bbox 537 1980 672 2018; x_wconf 87' lang='lat' dir='ltr'>iuvant</span> <span class='ocrx_word' id='word_1_197' title='bbox 703 1978 919 2030; x_wconf 86' lang='lat' dir='ltr'>Capitolia,</span> <span class='ocrx_word' id='word_1_198' title='bbox 952 1990 1028 2029; x_wconf 88' lang='lat' dir='ltr'>quo</span> <span class='ocrx_word' id='word_1_199' title='bbox 1061 1980 1191 2017; x_wconf 89' lang='lat' dir='ltr'>minus</span> <span class='ocrx_word' id='word_1_200' title='bbox 1225 1991 1341 2018; x_wconf 84' lang='lat' dir='ltr'>anser</span> 
     </span>
     <span class='ocr_line' id='line_1_33' title="bbox 294 2036 1242 2089; baseline 0.001 -14"><span class='ocrx_word' id='word_1_201' title='bbox 294 2036 368 2076; x_wconf 90' lang='lat' dir='ltr'>Det</span> <span class='ocrx_word' id='word_1_202' title='bbox 398 2039 509 2076; x_wconf 88' lang='lat' dir='ltr'>iecur</span> <span class='ocrx_word' id='word_1_203' title='bbox 539 2038 580 2076; x_wconf 90' lang='lat' dir='ltr'>in</span> <span class='ocrx_word' id='word_1_204' title='bbox 611 2037 742 2076; x_wconf 88' lang='lat' dir='ltr'>lances</span> <span class='ocrx_word' id='word_1_205' title='bbox 762 2068 772 2088; x_wconf 90' lang='lat'><strong><em>,</em></strong></span> <span class='ocrx_word' id='word_1_206' title='bbox 804 2037 938 2076; x_wconf 87' lang='lat' dir='ltr'>Inachi</span> <span class='ocrx_word' id='word_1_207' title='bbox 969 2036 1070 2075; x_wconf 86' lang='lat' dir='ltr'>lauta</span> <span class='ocrx_word' id='word_1_208' title='bbox 1090 2069 1100 2089; x_wconf 88' lang='lat'>‚</span> <span class='ocrx_word' id='word_1_209' title='bbox 1134 2043 1242 2076; x_wconf 78' lang='lat' dir='ltr'>tuas,</span> 
     </span>
     <span class='ocr_line' id='line_1_34' title="bbox 147 2094 1191 2147; baseline -0.002 -12"><span class='ocrx_word' id='word_1_210' title='bbox 147 2103 215 2135; x_wconf 81' lang='lat'>455</span> <span class='ocrx_word' id='word_1_211' title='bbox 235 2094 358 2135; x_wconf 87' lang='lat' dir='ltr'>Nocte</span> <span class='ocrx_word' id='word_1_212' title='bbox 391 2095 485 2135; x_wconf 88' lang='lat' dir='ltr'>deae</span> <span class='ocrx_word' id='word_1_213' title='bbox 516 2095 630 2135; x_wconf 88' lang='lat' dir='ltr'>Nocti</span> <span class='ocrx_word' id='word_1_214' title='bbox 662 2097 845 2134; x_wconf 88' lang='lat' dir='ltr'>cristatus</span> <span class='ocrx_word' id='word_1_215' title='bbox 879 2094 1055 2134; x_wconf 85' lang='lat' dir='ltr'>caeditur</span> <span class='ocrx_word' id='word_1_216' title='bbox 1087 2095 1191 2147; x_wconf 86' lang='lat' dir='ltr'>ales,</span> 
     </span>
     <span class='ocr_line' id='line_1_35' title="bbox 294 2154 1226 2206; baseline 0 -13"><span class='ocrx_word' id='word_1_217' title='bbox 294 2154 407 2200; x_wconf 89' lang='lat' dir='ltr'>Quod</span> <span class='ocrx_word' id='word_1_218' title='bbox 440 2154 614 2206; x_wconf 89' lang='lat' dir='ltr'>tepidum</span> <span class='ocrx_word' id='word_1_219' title='bbox 648 2154 751 2205; x_wconf 84' lang='lat' dir='ltr'>vigili</span> <span class='ocrx_word' id='word_1_220' title='bbox 782 2159 968 2205; x_wconf 89' lang='lat' dir='ltr'>provocet</span> <span class='ocrx_word' id='word_1_221' title='bbox 1000 2165 1068 2192; x_wconf 90' lang='lat' dir='ltr'>ore</span> <span class='ocrx_word' id='word_1_222' title='bbox 1100 2154 1226 2193; x_wconf 90' lang='lat' dir='ltr'>diem.</span> 
     </span>
     <span class='ocr_line' id='line_1_36' title="bbox 234 2212 1258 2265; baseline -0.001 -13"><span class='ocrx_word' id='word_1_223' title='bbox 234 2212 389 2252; x_wconf 88' lang='lat' dir='ltr'>Interea</span> <span class='ocrx_word' id='word_1_224' title='bbox 420 2213 584 2265; x_wconf 88' lang='lat' dir='ltr'>Delphin</span> <span class='ocrx_word' id='word_1_225' title='bbox 617 2213 764 2252; x_wconf 87' lang='lat' dir='ltr'>clarum</span> <span class='ocrx_word' id='word_1_226' title='bbox 797 2225 916 2264; x_wconf 88' lang='lat' dir='ltr'>super</span> <span class='ocrx_word' id='word_1_227' title='bbox 948 2224 1118 2263; x_wconf 85' lang='lat' dir='ltr'>aequora</span> <span class='ocrx_word' id='word_1_228' title='bbox 1150 2212 1258 2252; x_wconf 89' lang='lat' dir='ltr'>sidus</span> 
     </span>
     <span class='ocr_line' id='line_1_37' title="bbox 294 2271 1145 2325; baseline 0 -15"><span class='ocrx_word' id='word_1_229' title='bbox 294 2271 489 2325; x_wconf 82' lang='lat' dir='ltr'>Tollitur,</span> <span class='ocrx_word' id='word_1_230' title='bbox 522 2278 561 2311; x_wconf 89' lang='lat' dir='ltr'>et</span> <span class='ocrx_word' id='word_1_231' title='bbox 591 2273 729 2324; x_wconf 86' lang='lat' dir='ltr'>patriis</span> <span class='ocrx_word' id='word_1_232' title='bbox 760 2273 886 2310; x_wconf 83' lang='lat' dir='ltr'>exerit</span> <span class='ocrx_word' id='word_1_233' title='bbox 917 2283 984 2310; x_wconf 85' lang='lat' dir='ltr'>ora</span> <span class='ocrx_word' id='word_1_234' title='bbox 1017 2271 1145 2310; x_wconf 88' lang='lat' dir='ltr'>vadis.</span> 
     </span>
    </p>
   </div>
   <div class='ocr_carea' id='block_1_3' title="bbox 189 2399 1243 2431">
    <p class='ocr_par' dir='ltr' id='par_1_3' title="bbox 189 2399 1243 2431">
     <span class='ocr_line' id='line_1_38' title="bbox 189 2399 1243 2431; baseline -0.005 -1"><span class='ocrx_word' id='word_1_235' title='bbox 189 2403 296 2430; x_wconf 85' lang='lat' dir='ltr'>0V1D.</span> <span class='ocrx_word' id='word_1_236' title='bbox 333 2405 391 2430; x_wconf 85' lang='lat' dir='ltr'>m.</span> <span class='ocrx_word' id='word_1_237' title='bbox 1201 2399 1243 2431; x_wconf 89' lang='lat'>15</span> 
     </span>
    </p>
   </div>
  </div>
 </body>
</html>
