1570 2527
593 112 654 147 Ν.
681 113 877 145 764—836.
1318 108 1400 149 307

182 221 282 261 Num
309 228 437 260 tamen
464 226 525 259 est
549 232 640 258 vero
667 221 855 272 propius,
882 231 970 258 cum
997 218 1151 258 condita
1175 218 1296 257 Roma
1323 225 1403 271 est,

243 279 465 318 Transferri
497 281 626 317 iussos
657 280 698 317 in
730 290 828 316 nova
860 283 962 316 tecta
994 277 1112 316 Lares

183 339 457 388 Mutantesque
491 338 649 376 domum
681 338 795 375 tectis
828 335 1048 387 agrestibus
1080 337 1208 387 ignem

242 397 292 435 Et
324 401 547 435 cessaturae
581 396 835 446 supposuisse
869 407 1003 446 casae,

96 465 162 496 805
183 456 257 494 Per
289 455 463 494 flammas
496 454 657 493 saluisse
690 465 811 505 pecus
831 485 841 504 ,
874 453 1036 492 saluisse
1069 450 1263 491 colonos?

244 513 353 560 Quod
388 513 431 552 fit
463 513 585 558 natali
611 524 716 551 nunc
749 525 903 563 quoque
924 543 934 562 ‚
967 511 1087 550 Roma
1107 543 1117 563 ⁷
1149 519 1216 550 tuo
1233 541 1256 568 ·.

186 572 270 624 lpse
303 572 412 611 locus
445 583 581 610 causas
614 573 689 610 vati
722 571 841 609 facit.
898 569 1014 609 Urbis
1048 571 1156 621 origo

244 630 384 669 Venit.
441 630 533 669 ades
565 630 675 668 factis
695 661 706 682 ‚
738 641 873 680 magne
908 629 1098 680 Quirine,
1134 627 1233 667 tuis!

186 690 264 728 Iam
298 690 424 728 luerat
456 701 601 740 poenas
633 688 753 726 frater
785 688 1000 726 Numitoris
1020 719 1030 739 ,
1063 694 1102 726 et
1133 699 1245 726 omne

96 757 165 789 810
246 748 452 786 Pastorum
484 749 637 798 gemino
670 747 743 786 sub
776 747 874 785 duce
907 746 1043 797 volgus
1076 751 1180 784 erat.

186 806 426 846 Contrahere
459 812 632 857 agrestes
666 812 705 843 et
737 807 888 843 moenia
920 817 1066 855 ponere
1101 806 1257 854 utrique

245 864 461 903 Convenit.
519 864 757 914 ambigitur,
792 865 942 901 moenia
974 869 1092 913 ponat
1125 869 1235 902 uter.

188 921 270 961 eNil
301 935 400 974 opus
433 919 513 961 est'
547 922 644 961 dixit
676 918 931 960 ‘certamine'
965 920 1154 959 Romulus
1187 918 1312 959 ‘ullo:

245 981 381 1032 Magna
414 981 509 1019 fides
541 982 669 1019 avium
703 986 790 1031 est,
824 981 1072 1030 experiamur
1104 976 1238 1018 aves.'

100 1049 166 1081 815
187 1040 263 1078 Res
296 1040 450 1090 placet.
507 1039 604 1078 alter
636 1038 715 1078 adit
748 1040 946 1077 nemorosi
978 1050 1068 1076 saxa
1101 1037 1244 1076 Palati:

246 1098 354 1137 Alter
386 1099 620 1137 Aventinum
652 1109 763 1136 mane
797 1109 983 1136 cacumen
1016 1098 1109 1135 init.

190 1157 264 1196 Sex
298 1156 442 1195 Remus
462 1188 472 1208 ‚
504 1156 567 1195 hic
599 1156 778 1194 volucres
811 1155 871 1193 bis
904 1167 971 1193 sex
1003 1155 1107 1193 videt
1139 1155 1297 1195 ordine.

860 1238 866 1241 >
918 1219 1030 1264 pacto

249 1274 383 1312 Statur
402 1304 413 1325 ,
445 1279 484 1311 et
516 1272 723 1311 arbitrium
754 1272 944 1311 Romulus
976 1271 1086 1310 urbis
1119 1271 1255 1310 habet.

190 1333 287 1384 Apta
319 1332 402 1371 dies
434 1331 606 1382 legitur,
640 1343 716 1382 qua
748 1333 901 1369 moenia
934 1332 1061 1381 signet
1092 1337 1243 1369 aratro.

100 1400 168 1432 820
249 1391 368 1429 Sacra
400 1390 500 1429 Palis
533 1389 749 1429 suberant:
794 1389 884 1428 inde
918 1395 1095 1427 movetur
1128 1401 1248 1440 opuS.

189 1449 309 1488 Fossa
340 1450 383 1488 fit
415 1449 461 1487 ad
494 1448 690 1500 solidum,
723 1449 854 1499 fruges
887 1449 1083 1486 iaciuntur
1115 1450 1154 1486 in
1186 1449 1262 1486 ima

247 1507 298 1547 Et
329 1508 376 1546 de
410 1508 535 1546 vicino
569 1513 674 1546 terra
705 1509 825 1558 petita
858 1506 962 1545 solo.

191 1567 310 1606 Fossa
341 1566 517 1617 repletur
549 1566 697 1617 humo,
730 1565 945 1617 plenaeque
978 1567 1192 1616 imponitur
1225 1577 1313 1616 ara,

249 1625 299 1664 Et
330 1637 454 1664 novus
485 1637 649 1664 accenso
682 1625 859 1675 fungitur
890 1625 978 1675 igne
1013 1624 1146 1662 focus.

101 1691 169 1726 325
192 1684 283 1722 Inde
317 1696 500 1735 premens
532 1685 669 1722 stivam
701 1683 879 1734 designat
912 1684 1064 1721 moenia
1096 1682 1228 1734 sulco;

251 1742 346 1781 Alba
378 1744 511 1793 iugum
544 1744 656 1781 niveo
690 1754 779 1780 cum
812 1741 907 1780 bove
941 1753 1055 1780 vacca
1088 1741 1198 1780 tulit.

191 1800 271 1839 Vox
304 1802 377 1840 fuit
408 1801 502 1839 haec
535 1802 669 1852 regis:
716 1797 948 1852 econdenti,
982 1800 1181 1852 luppiter,
1214 1799 1352 1838 urbem

249 1859 299 1899 Et
330 1860 484 1911 genitor
515 1859 667 1898 Mavors
701 1858 894 1911 Vestaque
928 1864 1052 1897 mater
1071 1891 1081 1910 ,
1114 1858 1228 1898 ades!

193 1918 378 1969 Quosque
411 1919 518 1969 pium
552 1924 611 1956 est
642 1918 827 1956 adhibere
860 1918 982 1964 deos,
1016 1917 1204 1956 advertite
1238 1916 1393 1956 cuncti!

104 1984 172 2017 830
251 1976 486 2028 Auspicibus
518 1976 626 2014 vobis
658 1976 731 2014 hoc
763 1976 858 2014 mihi
891 1981 1026 2026 surgat
1058 1988 1179 2027 opus.

191 2035 323 2085 Longa
355 2036 406 2073 sit
437 2034 528 2073 huic
561 2040 666 2073 aetas
699 2034 955 2085 dominaeque
988 2036 1162 2085 potentia
1196 2041 1346 2087 terrae,

252 2093 388 2144 Sitque
423 2093 495 2132 sub
526 2093 599 2132 hac
631 2095 762 2132 oriens
794 2093 1060 2144 occiduusque
1094 2090 1222 2132 dies.'

191 2151 257 2191 Ille
289 2151 523 2204 precabatur
542 2183 552 2203 ‚
585 2153 734 2190 tonitru
766 2151 873 2191 dedit
905 2153 1033 2190 omina
1065 2152 1170 2190 laevo

250 2210 426 2262 Iuppiter
458 2217 497 2250 et
527 2211 635 2250 laevo
668 2210 829 2249 fulmina
861 2211 979 2249 missa
1010 2211 1122 2261 polo.

104 2278 170 2310 835
192 2270 365 2320 Augurio
397 2269 489 2308 laeti
519 2271 667 2308 iaciunt
698 2269 922 2308 fundamina
955 2271 1082 2322 cives,
1341 2280 1414 2311 (152)

250 2327 300 2367 Et
330 2340 454 2367 novus
487 2330 626 2379 exiguo
660 2334 836 2379 tempore
870 2339 1007 2368 murus
1040 2335 1144 2368 erat.

1129 2395 1201 2430 20*
