<?xml version="1.0" encoding="UTF-8"?>
<!DOCTYPE html PUBLIC "-//W3C//DTD XHTML 1.0 Transitional//EN"
    "http://www.w3.org/TR/xhtml1/DTD/xhtml1-transitional.dtd">
<html xmlns="http://www.w3.org/1999/xhtml" xml:lang="en" lang="en">
 <head>
  <title>
</title>
<meta http-equiv="Content-Type" content="text/html;charset=utf-8" />
  <meta name='ocr-system' content='tesseract 3.04.00' />
  <meta name='ocr-capabilities' content='ocr_page ocr_carea ocr_par ocr_line ocrx_word'/>
</head>
<body>
  <div class='ocr_page' id='page_1' title='image "./ovidopera03oviduoft_0314.png"; bbox 0 0 1570 2527; ppageno 0'>
   <div class='ocr_carea' id='block_1_1' title="bbox 177 94 972 138">
    <p class='ocr_par' dir='ltr' id='par_1_1' title="bbox 177 94 972 138">
     <span class='ocr_line' id='line_1_1' title="bbox 177 94 972 138; baseline -0.004 -9"><span class='ocrx_word' id='word_1_1' title='bbox 177 96 261 138; x_wconf 80' lang='lat' dir='ltr'>25ss</span> <span class='ocrx_word' id='word_1_2' title='bbox 717 94 972 127; x_wconf 81' lang='lat' dir='ltr'>FASTORUM</span> 
     </span>
    </p>
   </div>
   <div class='ocr_carea' id='block_1_2' title="bbox 211 203 1482 2356">
    <p class='ocr_par' dir='ltr' id='par_1_2' title="bbox 211 203 1482 2356">
     <span class='ocr_line' id='line_1_2' title="bbox 355 203 1369 256; baseline -0.003 -12"><span class='ocrx_word' id='word_1_3' title='bbox 355 205 431 244; x_wconf 91' lang='lat' dir='ltr'>Sed</span> <span class='ocrx_word' id='word_1_4' title='bbox 464 211 594 244; x_wconf 89' lang='lat' dir='ltr'>tamen</span> <span class='ocrx_word' id='word_1_5' title='bbox 625 216 646 242; x_wconf 90' lang='lat' dir='ltr'>a</span> <span class='ocrx_word' id='word_1_6' title='bbox 679 210 794 242; x_wconf 88' lang='lat' dir='ltr'>vento</span> <span class='ocrx_word' id='word_1_7' title='bbox 813 235 824 256; x_wconf 94' lang='lat'>,</span> <span class='ocrx_word' id='word_1_8' title='bbox 856 204 923 254; x_wconf 90' lang='lat' dir='ltr'>qui</span> <span class='ocrx_word' id='word_1_9' title='bbox 955 203 1027 242; x_wconf 82' lang='lat' dir='ltr'>fuit</span> <span class='ocrx_word' id='word_1_10' title='bbox 1046 234 1056 253; x_wconf 90' lang='lat'>,</span> <span class='ocrx_word' id='word_1_11' title='bbox 1087 203 1189 241; x_wconf 90' lang='lat' dir='ltr'>unda</span> <span class='ocrx_word' id='word_1_12' title='bbox 1222 207 1369 253; x_wconf 87' lang='lat' dir='ltr'>tumet,</span> 
     </span>
     <span class='ocr_line' id='line_1_3' title="bbox 298 261 1412 315; baseline -0.003 -13"><span class='ocrx_word' id='word_1_13' title='bbox 298 264 361 303; x_wconf 93' lang='lat' dir='ltr'>Sic</span> <span class='ocrx_word' id='word_1_14' title='bbox 381 295 392 315; x_wconf 91' lang='lat'>,</span> <span class='ocrx_word' id='word_1_15' title='bbox 424 264 598 314; x_wconf 85' lang='lat' dir='ltr'>quamvis</span> <span class='ocrx_word' id='word_1_16' title='bbox 631 262 765 301; x_wconf 84' lang='lat' dir='ltr'>aberat</span> <span class='ocrx_word' id='word_1_17' title='bbox 795 262 957 313; x_wconf 79' lang='lat' dir='ltr'>placitae</span> <span class='ocrx_word' id='word_1_18' title='bbox 990 263 1210 312; x_wconf 89' lang='lat' dir='ltr'>praesentia</span> <span class='ocrx_word' id='word_1_19' title='bbox 1243 261 1412 310; x_wconf 80' lang='lat' dir='ltr'><strong>somnae,</strong></span> 
     </span>
     <span class='ocr_line' id='line_1_4' title="bbox 356 318 1446 372; baseline -0.003 -12"><span class='ocrx_word' id='word_1_20' title='bbox 356 322 480 367; x_wconf 84' lang='lat' dir='ltr'>Quem</span> <span class='ocrx_word' id='word_1_21' title='bbox 512 321 672 360; x_wconf 78' lang='lat' dir='ltr'>dederat</span> <span class='ocrx_word' id='word_1_22' title='bbox 703 332 889 372; x_wconf 87' lang='lat' dir='ltr'>praesens</span> <span class='ocrx_word' id='word_1_23' title='bbox 921 320 1043 358; x_wconf 87' lang='lat' dir='ltr'>forma</span> <span class='ocrx_word' id='word_1_24' title='bbox 1063 351 1073 370; x_wconf 97' lang='lat'>,</span> <span class='ocrx_word' id='word_1_25' title='bbox 1104 318 1285 358; x_wconf 88' lang='lat' dir='ltr'>manebat</span> <span class='ocrx_word' id='word_1_26' title='bbox 1316 330 1446 357; x_wconf 88' lang='lat' dir='ltr'>amor.</span> 
     </span>
     <span class='ocr_line' id='line_1_5' title="bbox 297 379 1278 430; baseline -0.002 -12"><span class='ocrx_word' id='word_1_27' title='bbox 297 380 446 430; x_wconf 84' lang='lat' dir='ltr'>Ardet,</span> <span class='ocrx_word' id='word_1_28' title='bbox 477 386 516 418; x_wconf 90' lang='lat' dir='ltr'>et</span> <span class='ocrx_word' id='word_1_29' title='bbox 546 381 681 418; x_wconf 85' lang='lat' dir='ltr'>iniusti</span> <span class='ocrx_word' id='word_1_30' title='bbox 714 379 880 417; x_wconf 88' lang='lat' dir='ltr'>stimulis</span> <span class='ocrx_word' id='word_1_31' title='bbox 913 380 1081 429; x_wconf 77' lang='lat' dir='ltr'>agitatur</span> <span class='ocrx_word' id='word_1_32' title='bbox 1113 379 1278 416; x_wconf 89' lang='lat' dir='ltr'>amoris.</span> 
     </span>
     <span class='ocr_line' id='line_1_6' title="bbox 211 437 1323 490; baseline -0.004 -12"><span class='ocrx_word' id='word_1_33' title='bbox 211 447 276 478; x_wconf 84' lang='lat'>780</span> <span class='ocrx_word' id='word_1_34' title='bbox 357 438 563 490; x_wconf 84' lang='lat' dir='ltr'>Comparat</span> <span class='ocrx_word' id='word_1_35' title='bbox 593 438 751 488; x_wconf 86' lang='lat' dir='ltr'>indigno</span> <span class='ocrx_word' id='word_1_36' title='bbox 784 439 937 487; x_wconf 89' lang='lat' dir='ltr'>vimque</span> <span class='ocrx_word' id='word_1_37' title='bbox 971 437 1180 486; x_wconf 89' lang='lat' dir='ltr'>dolumque</span> <span class='ocrx_word' id='word_1_38' title='bbox 1212 442 1323 474; x_wconf 81' lang='lat' dir='ltr'>toro.</span> 
     </span>
     <span class='ocr_line' id='line_1_7' title="bbox 299 491 1416 539; baseline -0.003 -4"><span class='ocrx_word' id='word_1_39' title='bbox 299 494 458 535; x_wconf 71' lang='lat' dir='ltr'>‘Exitus</span> <span class='ocrx_word' id='word_1_40' title='bbox 491 498 530 535; x_wconf 92' lang='lat' dir='ltr'>in</span> <span class='ocrx_word' id='word_1_41' title='bbox 563 496 680 539; x_wconf 82' lang='lat' dir='ltr'>dubio</span> <span class='ocrx_word' id='word_1_42' title='bbox 714 501 796 535; x_wconf 84' lang='lat' dir='ltr'>est:</span> <span class='ocrx_word' id='word_1_43' title='bbox 841 494 1069 533; x_wconf 82' lang='lat' dir='ltr'>audebimus</span> <span class='ocrx_word' id='word_1_44' title='bbox 1102 495 1236 533; x_wconf 87' lang='lat' dir='ltr'>ultima</span> <span class='ocrx_word' id='word_1_45' title='bbox 1256 491 1286 533; x_wconf 78' lang='lat'>1&#39;</span> <span class='ocrx_word' id='word_1_46' title='bbox 1318 492 1416 532; x_wconf 86' lang='lat' dir='ltr'>dixit</span> 
     </span>
     <span class='ocr_line' id='line_1_8' title="bbox 358 552 1280 605; baseline -0.001 -13"><span class='ocrx_word' id='word_1_47' title='bbox 358 552 556 605; x_wconf 74' lang='lat' dir='ltr'>‘Viderit,</span> <span class='ocrx_word' id='word_1_48' title='bbox 589 555 777 593; x_wconf 89' lang='lat' dir='ltr'>audentes</span> <span class='ocrx_word' id='word_1_49' title='bbox 810 554 941 592; x_wconf 87' lang='lat' dir='ltr'>forsne</span> <span class='ocrx_word' id='word_1_50' title='bbox 974 553 1121 592; x_wconf 82' lang='lat' dir='ltr'>deusne</span> <span class='ocrx_word' id='word_1_51' title='bbox 1152 554 1280 591; x_wconf 88' lang='lat' dir='ltr'>iuvet.</span> 
     </span>
     <span class='ocr_line' id='line_1_9' title="bbox 300 608 1380 665; baseline -0.005 -12"><span class='ocrx_word' id='word_1_52' title='bbox 300 614 483 665; x_wconf 77' lang='lat' dir='ltr'>Cepimus</span> <span class='ocrx_word' id='word_1_53' title='bbox 515 613 692 652; x_wconf 90' lang='lat' dir='ltr'>audendo</span> <span class='ocrx_word' id='word_1_54' title='bbox 726 612 866 651; x_wconf 77' lang='lat' dir='ltr'>Gabios</span> <span class='ocrx_word' id='word_1_55' title='bbox 899 608 1100 663; x_wconf 87' lang='lat' dir='ltr'>quoque.’</span> <span class='ocrx_word' id='word_1_56' title='bbox 1159 611 1246 649; x_wconf 89' lang='lat' dir='ltr'>talia</span> <span class='ocrx_word' id='word_1_57' title='bbox 1279 611 1380 649; x_wconf 79' lang='lat' dir='ltr'>satus</span> 
     </span>
     <span class='ocr_line' id='line_1_10' title="bbox 358 670 1315 722; baseline -0.003 -12"><span class='ocrx_word' id='word_1_58' title='bbox 358 672 460 710; x_wconf 86' lang='lat' dir='ltr'>Ense</span> <span class='ocrx_word' id='word_1_59' title='bbox 492 672 593 710; x_wconf 89' lang='lat' dir='ltr'>latus</span> <span class='ocrx_word' id='word_1_60' title='bbox 626 673 775 722; x_wconf 84' lang='lat' dir='ltr'>cinxit,</span> <span class='ocrx_word' id='word_1_61' title='bbox 808 677 993 721; x_wconf 88' lang='lat' dir='ltr'>tergaque</span> <span class='ocrx_word' id='word_1_62' title='bbox 1025 671 1170 721; x_wconf 80' lang='lat' dir='ltr'>pressit</span> <span class='ocrx_word' id='word_1_63' title='bbox 1202 670 1315 720; x_wconf 90' lang='lat' dir='ltr'>equi.</span> 
     </span>
     <span class='ocr_line' id='line_1_11' title="bbox 213 729 1181 781; baseline -0.003 -11"><span class='ocrx_word' id='word_1_64' title='bbox 213 738 279 770; x_wconf 83' lang='lat'>785</span> <span class='ocrx_word' id='word_1_65' title='bbox 301 731 452 781; x_wconf 79' lang='lat' dir='ltr'>Accipit</span> <span class='ocrx_word' id='word_1_66' title='bbox 483 737 610 769; x_wconf 85' lang='lat' dir='ltr'>aerata</span> <span class='ocrx_word' id='word_1_67' title='bbox 642 732 822 768; x_wconf 90' lang='lat' dir='ltr'>iuvenem</span> <span class='ocrx_word' id='word_1_68' title='bbox 856 729 1014 768; x_wconf 87' lang='lat' dir='ltr'>Collatia</span> <span class='ocrx_word' id='word_1_69' title='bbox 1046 735 1181 779; x_wconf 87' lang='lat' dir='ltr'>porta,</span> 
     </span>
     <span class='ocr_line' id='line_1_12' title="bbox 360 788 1254 838; baseline -0.003 -10"><span class='ocrx_word' id='word_1_70' title='bbox 360 789 537 828; x_wconf 81' lang='lat' dir='ltr'>Condere</span> <span class='ocrx_word' id='word_1_71' title='bbox 569 791 644 827; x_wconf 90' lang='lat' dir='ltr'>iam</span> <span class='ocrx_word' id='word_1_72' title='bbox 676 788 803 827; x_wconf 89' lang='lat' dir='ltr'>voltus</span> <span class='ocrx_word' id='word_1_73' title='bbox 836 788 915 826; x_wconf 89' lang='lat' dir='ltr'>sole</span> <span class='ocrx_word' id='word_1_74' title='bbox 947 793 1107 838; x_wconf 87' lang='lat' dir='ltr'>parante</span> <span class='ocrx_word' id='word_1_75' title='bbox 1140 798 1254 826; x_wconf 90' lang='lat' dir='ltr'>suos.</span> 
     </span>
     <span class='ocr_line' id='line_1_13' title="bbox 302 845 1330 899; baseline -0.002 -13"><span class='ocrx_word' id='word_1_76' title='bbox 302 847 432 886; x_wconf 87' lang='lat' dir='ltr'>Hostis</span> <span class='ocrx_word' id='word_1_77' title='bbox 452 879 462 899; x_wconf 97' lang='lat'>,</span> <span class='ocrx_word' id='word_1_78' title='bbox 496 853 538 886; x_wconf 93' lang='lat' dir='ltr'>ut</span> <span class='ocrx_word' id='word_1_79' title='bbox 570 848 741 898; x_wconf 82' lang='lat' dir='ltr'>hospes,</span> <span class='ocrx_word' id='word_1_80' title='bbox 773 848 845 884; x_wconf 89' lang='lat' dir='ltr'>init</span> <span class='ocrx_word' id='word_1_81' title='bbox 876 845 1088 897; x_wconf 87' lang='lat' dir='ltr'>penetralia</span> <span class='ocrx_word' id='word_1_82' title='bbox 1121 845 1330 884; x_wconf 86' lang='lat' dir='ltr'>Collatina:</span> 
     </span>
     <span class='ocr_line' id='line_1_14' title="bbox 361 906 1333 956; baseline -0.003 -12"><span class='ocrx_word' id='word_1_83' title='bbox 361 907 532 944; x_wconf 79' lang='lat' dir='ltr'>Comiter</span> <span class='ocrx_word' id='word_1_84' title='bbox 564 908 786 956; x_wconf 80' lang='lat' dir='ltr'>excipitur3</span> <span class='ocrx_word' id='word_1_85' title='bbox 818 906 1005 955; x_wconf 87' lang='lat' dir='ltr'>sanguine</span> <span class='ocrx_word' id='word_1_86' title='bbox 1038 906 1196 942; x_wconf 89' lang='lat' dir='ltr'>iunctus</span> <span class='ocrx_word' id='word_1_87' title='bbox 1228 910 1333 941; x_wconf 88' lang='lat' dir='ltr'>erat.</span> 
     </span>
     <span class='ocr_line' id='line_1_15' title="bbox 302 961 1482 1013; baseline -0.003 -10"><span class='ocrx_word' id='word_1_88' title='bbox 302 964 499 1009; x_wconf 87' lang='lat' dir='ltr'>Quantum</span> <span class='ocrx_word' id='word_1_89' title='bbox 533 966 670 1002; x_wconf 84' lang='lat' dir='ltr'>animis</span> <span class='ocrx_word' id='word_1_90' title='bbox 702 964 848 1002; x_wconf 85' lang='lat' dir='ltr'>erroris</span> <span class='ocrx_word' id='word_1_91' title='bbox 881 961 1010 1001; x_wconf 78' lang='lat' dir='ltr'>inest!</span> <span class='ocrx_word' id='word_1_92' title='bbox 1055 968 1163 1013; x_wconf 83' lang='lat' dir='ltr'>parat</span> <span class='ocrx_word' id='word_1_93' title='bbox 1194 963 1316 1000; x_wconf 85' lang='lat' dir='ltr'>inscia</span> <span class='ocrx_word' id='word_1_94' title='bbox 1348 972 1482 999; x_wconf 88' lang='lat' dir='ltr'>rerum</span> 
     </span>
     <span class='ocr_line' id='line_1_16' title="bbox 215 1021 1105 1073; baseline -0.004 -11"><span class='ocrx_word' id='word_1_95' title='bbox 215 1031 281 1062; x_wconf 80' lang='lat'>790</span> <span class='ocrx_word' id='word_1_96' title='bbox 361 1023 495 1061; x_wconf 79' lang='lat' dir='ltr'>Infelix</span> <span class='ocrx_word' id='word_1_97' title='bbox 531 1023 664 1073; x_wconf 86' lang='lat' dir='ltr'>epulas</span> <span class='ocrx_word' id='word_1_98' title='bbox 697 1021 875 1060; x_wconf 84' lang='lat' dir='ltr'>hostibus</span> <span class='ocrx_word' id='word_1_99' title='bbox 906 1021 968 1059; x_wconf 87' lang='lat' dir='ltr'>illa</span> <span class='ocrx_word' id='word_1_100' title='bbox 1001 1023 1105 1059; x_wconf 89' lang='lat' dir='ltr'>suis.</span> 
     </span>
     <span class='ocr_line' id='line_1_17' title="bbox 304 1080 1343 1130; baseline -0.004 -10"><span class='ocrx_word' id='word_1_101' title='bbox 304 1081 478 1120; x_wconf 79' lang='lat' dir='ltr'>Functus</span> <span class='ocrx_word' id='word_1_102' title='bbox 512 1087 595 1119; x_wconf 87' lang='lat' dir='ltr'>erat</span> <span class='ocrx_word' id='word_1_103' title='bbox 628 1080 821 1130; x_wconf 85' lang='lat' dir='ltr'>dapibus:</span> <span class='ocrx_word' id='word_1_104' title='bbox 866 1085 1034 1129; x_wconf 83' lang='lat' dir='ltr'>poscunt</span> <span class='ocrx_word' id='word_1_105' title='bbox 1065 1090 1134 1117; x_wconf 86' lang='lat' dir='ltr'>sua</span> <span class='ocrx_word' id='word_1_106' title='bbox 1167 1084 1343 1129; x_wconf 89' lang='lat' dir='ltr'>tempora</span> 
     </span>
     <span class='ocr_line' id='line_1_18' title="bbox 1031 1149 1234 1187; baseline -0.005 -12"><span class='ocrx_word' id='word_1_107' title='bbox 1031 1149 1234 1187; x_wconf 82' lang='lat' dir='ltr'>somnum3</span> 
     </span>
     <span class='ocr_line' id='line_1_19' title="bbox 361 1195 1257 1249; baseline -0.002 -13"><span class='ocrx_word' id='word_1_108' title='bbox 361 1197 444 1236; x_wconf 86' lang='lat' dir='ltr'>Nox</span> <span class='ocrx_word' id='word_1_109' title='bbox 477 1204 589 1249; x_wconf 85' lang='lat' dir='ltr'>erat,</span> <span class='ocrx_word' id='word_1_110' title='bbox 621 1203 660 1236; x_wconf 92' lang='lat' dir='ltr'>et</span> <span class='ocrx_word' id='word_1_111' title='bbox 691 1202 770 1235; x_wconf 87' lang='lat' dir='ltr'>tota</span> <span class='ocrx_word' id='word_1_112' title='bbox 803 1196 947 1234; x_wconf 85' lang='lat' dir='ltr'>lumina</span> <span class='ocrx_word' id='word_1_113' title='bbox 980 1195 1084 1234; x_wconf 88' lang='lat' dir='ltr'>nulla</span> <span class='ocrx_word' id='word_1_114' title='bbox 1116 1195 1257 1234; x_wconf 91' lang='lat' dir='ltr'>domo.</span> 
     </span>
     <span class='ocr_line' id='line_1_20' title="bbox 305 1253 1275 1307; baseline -0.003 -13"><span class='ocrx_word' id='word_1_115' title='bbox 305 1256 467 1307; x_wconf 80' lang='lat' dir='ltr'>Surgit,</span> <span class='ocrx_word' id='word_1_116' title='bbox 500 1262 538 1294; x_wconf 87' lang='lat' dir='ltr'>et</span> <span class='ocrx_word' id='word_1_117' title='bbox 570 1262 748 1294; x_wconf 87' lang='lat' dir='ltr'>auratum</span> <span class='ocrx_word' id='word_1_118' title='bbox 781 1256 916 1305; x_wconf 86' lang='lat' dir='ltr'>vagina</span> <span class='ocrx_word' id='word_1_119' title='bbox 948 1253 1087 1292; x_wconf 88' lang='lat' dir='ltr'>liberat</span> <span class='ocrx_word' id='word_1_120' title='bbox 1118 1265 1275 1303; x_wconf 87' lang='lat' dir='ltr'>ensem,</span> 
     </span>
     <span class='ocr_line' id='line_1_21' title="bbox 362 1311 1362 1363; baseline -0.005 -10"><span class='ocrx_word' id='word_1_121' title='bbox 362 1314 412 1353; x_wconf 90' lang='lat' dir='ltr'>Et</span> <span class='ocrx_word' id='word_1_122' title='bbox 443 1316 548 1353; x_wconf 92' lang='lat' dir='ltr'>venit</span> <span class='ocrx_word' id='word_1_123' title='bbox 579 1315 618 1352; x_wconf 88' lang='lat' dir='ltr'>in</span> <span class='ocrx_word' id='word_1_124' title='bbox 650 1314 838 1352; x_wconf 81' lang='lat' dir='ltr'>thalamos</span> <span class='ocrx_word' id='word_1_125' title='bbox 858 1345 868 1363; x_wconf 94' lang='lat'>,</span> <span class='ocrx_word' id='word_1_126' title='bbox 900 1318 1020 1363; x_wconf 86' lang='lat' dir='ltr'>nupta</span> <span class='ocrx_word' id='word_1_127' title='bbox 1050 1311 1191 1362; x_wconf 88' lang='lat' dir='ltr'>pudica</span> <span class='ocrx_word' id='word_1_128' title='bbox 1210 1342 1220 1362; x_wconf 95' lang='lat'>,</span> <span class='ocrx_word' id='word_1_129' title='bbox 1252 1317 1362 1350; x_wconf 91' lang='lat' dir='ltr'>tuos.</span> 
     </span>
     <span class='ocr_line' id='line_1_22' title="bbox 217 1368 1462 1424; baseline -0.004 -12"><span class='ocrx_word' id='word_1_130' title='bbox 217 1381 284 1412; x_wconf 80' lang='grc'>795</span> <span class='ocrx_word' id='word_1_131' title='bbox 306 1372 431 1424; x_wconf 87' lang='lat' dir='ltr'>thue</span> <span class='ocrx_word' id='word_1_132' title='bbox 465 1378 595 1411; x_wconf 90' lang='lat' dir='ltr'>torum</span> <span class='ocrx_word' id='word_1_133' title='bbox 627 1377 800 1424; x_wconf 87' lang='lat' dir='ltr'>pressit,</span> <span class='ocrx_word' id='word_1_134' title='bbox 833 1368 1005 1409; x_wconf 70' lang='lat' dir='ltr'>eserrum</span> <span class='ocrx_word' id='word_1_135' title='bbox 1024 1392 1039 1419; x_wconf 89' lang='lat'>,-</span> <span class='ocrx_word' id='word_1_136' title='bbox 1067 1370 1247 1408; x_wconf 90' lang='lat' dir='ltr'>Lucretia</span> <span class='ocrx_word' id='word_1_137' title='bbox 1266 1400 1276 1420; x_wconf 92' lang='lat'>,</span> <span class='ocrx_word' id='word_1_138' title='bbox 1309 1380 1462 1407; x_wconf 89' lang='lat' dir='ltr'>mecum</span> 
     </span>
     <span class='ocr_line' id='line_1_23' title="bbox 1033 1427 1115 1467; baseline 0 0"><span class='ocrx_word' id='word_1_139' title='bbox 1033 1427 1115 1467; x_wconf 78' lang='lat' dir='ltr'>est!</span> 
     </span>
     <span class='ocr_line' id='line_1_24' title="bbox 364 1482 1312 1539; baseline -0.003 -11"><span class='ocrx_word' id='word_1_140' title='bbox 364 1487 506 1528; x_wconf 88' lang='lat' dir='ltr'>Natus&#39;</span> <span class='ocrx_word' id='word_1_141' title='bbox 539 1491 592 1528; x_wconf 91' lang='lat' dir='ltr'>ait</span> <span class='ocrx_word' id='word_1_142' title='bbox 624 1486 749 1539; x_wconf 71' lang='lat' dir='ltr'>‘regis</span> <span class='ocrx_word' id='word_1_143' title='bbox 781 1489 1096 1539; x_wconf 85' lang='lat' dir='ltr'>Tarquiniusque</span> <span class='ocrx_word' id='word_1_144' title='bbox 1129 1482 1312 1538; x_wconf 89' lang='lat' dir='ltr'>loquor.’</span> 
     </span>
     <span class='ocr_line' id='line_1_25' title="bbox 306 1543 1455 1598; baseline -0.004 -11"><span class='ocrx_word' id='word_1_145' title='bbox 306 1548 372 1587; x_wconf 86' lang='lat' dir='ltr'>Illa</span> <span class='ocrx_word' id='word_1_146' title='bbox 404 1548 528 1587; x_wconf 85' lang='lat' dir='ltr'>nihil:</span> <span class='ocrx_word' id='word_1_147' title='bbox 573 1560 699 1598; x_wconf 92' lang='lat' dir='ltr'>neque</span> <span class='ocrx_word' id='word_1_148' title='bbox 733 1549 835 1586; x_wconf 88' lang='lat' dir='ltr'>enim</span> <span class='ocrx_word' id='word_1_149' title='bbox 870 1558 1002 1585; x_wconf 86' lang='lat' dir='ltr'>vocem</span> <span class='ocrx_word' id='word_1_150' title='bbox 1034 1548 1215 1596; x_wconf 89' lang='lat' dir='ltr'>viresque</span> <span class='ocrx_word' id='word_1_151' title='bbox 1247 1543 1455 1596; x_wconf 89' lang='lat' dir='ltr'>loquendi,</span> 
     </span>
     <span class='ocr_line' id='line_1_26' title="bbox 365 1603 1266 1658; baseline -0.003 -13"><span class='ocrx_word' id='word_1_152' title='bbox 365 1608 441 1645; x_wconf 86' lang='lat' dir='ltr'>Aut</span> <span class='ocrx_word' id='word_1_153' title='bbox 473 1607 617 1658; x_wconf 90' lang='lat' dir='ltr'>aliquid</span> <span class='ocrx_word' id='word_1_154' title='bbox 650 1612 731 1645; x_wconf 91' lang='lat' dir='ltr'>toto</span> <span class='ocrx_word' id='word_1_155' title='bbox 764 1612 922 1657; x_wconf 86' lang='lat' dir='ltr'>pectore</span> <span class='ocrx_word' id='word_1_156' title='bbox 954 1606 1096 1643; x_wconf 87' lang='lat' dir='ltr'>mentis</span> <span class='ocrx_word' id='word_1_157' title='bbox 1127 1603 1266 1643; x_wconf 88' lang='lat' dir='ltr'>habet:</span> 
     </span>
     <span class='ocr_line' id='line_1_27' title="bbox 308 1660 1476 1717; baseline -0.005 -13"><span class='ocrx_word' id='word_1_158' title='bbox 308 1665 382 1703; x_wconf 87' lang='lat' dir='ltr'>Sed</span> <span class='ocrx_word' id='word_1_159' title='bbox 416 1668 576 1717; x_wconf 88' lang='lat' dir='ltr'>tremit,</span> <span class='ocrx_word' id='word_1_160' title='bbox 609 1670 652 1703; x_wconf 88' lang='lat' dir='ltr'>ut</span> <span class='ocrx_word' id='word_1_161' title='bbox 685 1664 879 1715; x_wconf 87' lang='lat' dir='ltr'>quondam</span> <span class='ocrx_word' id='word_1_162' title='bbox 913 1663 1074 1701; x_wconf 86' lang='lat' dir='ltr'>stabulis</span> <span class='ocrx_word' id='word_1_163' title='bbox 1107 1663 1299 1713; x_wconf 87' lang='lat' dir='ltr'>deprensa</span> <span class='ocrx_word' id='word_1_164' title='bbox 1330 1660 1476 1700; x_wconf 90' lang='lat' dir='ltr'>relictis</span> 
     </span>
     <span class='ocr_line' id='line_1_28' title="bbox 219 1720 1294 1771; baseline -0.004 -9"><span class='ocrx_word' id='word_1_165' title='bbox 219 1732 287 1763; x_wconf 87' lang='lat'>800</span> <span class='ocrx_word' id='word_1_166' title='bbox 366 1723 487 1761; x_wconf 86' lang='lat' dir='ltr'>Parva</span> <span class='ocrx_word' id='word_1_167' title='bbox 519 1723 592 1761; x_wconf 90' lang='lat' dir='ltr'>sub</span> <span class='ocrx_word' id='word_1_168' title='bbox 625 1723 766 1761; x_wconf 82' lang='lat' dir='ltr'>infesto</span> <span class='ocrx_word' id='word_1_169' title='bbox 799 1735 886 1760; x_wconf 89' lang='lat' dir='ltr'>cum</span> <span class='ocrx_word' id='word_1_170' title='bbox 920 1723 1021 1760; x_wconf 90' lang='lat' dir='ltr'>iacet</span> <span class='ocrx_word' id='word_1_171' title='bbox 1052 1733 1148 1771; x_wconf 83' lang='lat' dir='ltr'>agna</span> <span class='ocrx_word' id='word_1_172' title='bbox 1180 1720 1294 1770; x_wconf 90' lang='lat' dir='ltr'>lupo.</span> 
     </span>
     <span class='ocr_line' id='line_1_29' title="bbox 309 1778 1452 1831; baseline -0.003 -12"><span class='ocrx_word' id='word_1_173' title='bbox 309 1781 409 1826; x_wconf 88' lang='lat' dir='ltr'>Quid</span> <span class='ocrx_word' id='word_1_174' title='bbox 443 1779 595 1819; x_wconf 79' lang='lat' dir='ltr'>saciat?</span> <span class='ocrx_word' id='word_1_175' title='bbox 639 1778 826 1831; x_wconf 82' lang='lat' dir='ltr'>pugnet?</span> <span class='ocrx_word' id='word_1_176' title='bbox 868 1781 1047 1817; x_wconf 89' lang='lat' dir='ltr'>vincetur</span> <span class='ocrx_word' id='word_1_177' title='bbox 1079 1779 1221 1817; x_wconf 88' lang='lat' dir='ltr'>femina</span> <span class='ocrx_word' id='word_1_178' title='bbox 1253 1789 1452 1829; x_wconf 87' lang='lat' dir='ltr'>pugnans.</span> 
     </span>
     <span class='ocr_line' id='line_1_30' title="bbox 368 1837 1441 1888; baseline -0.005 -10"><span class='ocrx_word' id='word_1_179' title='bbox 368 1837 554 1878; x_wconf 79' lang='lat' dir='ltr'>Clamet?</span> <span class='ocrx_word' id='word_1_180' title='bbox 599 1845 636 1877; x_wconf 88' lang='lat' dir='ltr'>at</span> <span class='ocrx_word' id='word_1_181' title='bbox 668 1840 707 1876; x_wconf 93' lang='lat' dir='ltr'>in</span> <span class='ocrx_word' id='word_1_182' title='bbox 739 1838 903 1888; x_wconf 86' lang='lat' dir='ltr'>dextra,</span> <span class='ocrx_word' id='word_1_183' title='bbox 937 1838 1004 1888; x_wconf 89' lang='lat' dir='ltr'>qui</span> <span class='ocrx_word' id='word_1_184' title='bbox 1035 1842 1167 1887; x_wconf 88' lang='lat' dir='ltr'>vetet,</span> <span class='ocrx_word' id='word_1_185' title='bbox 1200 1837 1304 1874; x_wconf 87' lang='lat' dir='ltr'>ensis</span> <span class='ocrx_word' id='word_1_186' title='bbox 1338 1841 1441 1873; x_wconf 87' lang='lat' dir='ltr'>erat.</span> 
     </span>
     <span class='ocr_line' id='line_1_31' title="bbox 310 1894 1332 1948; baseline -0.004 -12"><span class='ocrx_word' id='word_1_187' title='bbox 310 1897 478 1948; x_wconf 79' lang='lat' dir='ltr'>Effugiat</span> <span class='ocrx_word' id='word_1_188' title='bbox 497 1895 518 1935; x_wconf 71' lang='grc' dir='ltr'>ἶ)</span> <span class='ocrx_word' id='word_1_189' title='bbox 562 1898 699 1948; x_wconf 89' lang='lat' dir='ltr'>positis</span> <span class='ocrx_word' id='word_1_190' title='bbox 731 1902 950 1947; x_wconf 89' lang='lat' dir='ltr'>urguentur</span> <span class='ocrx_word' id='word_1_191' title='bbox 982 1902 1141 1945; x_wconf 86' lang='lat' dir='ltr'>pectora</span> <span class='ocrx_word' id='word_1_192' title='bbox 1172 1894 1332 1945; x_wconf 87' lang='lat' dir='ltr'>palmis,</span> 
     </span>
     <span class='ocr_line' id='line_1_32' title="bbox 369 1956 1368 2006; baseline -0.003 -12"><span class='ocrx_word' id='word_1_193' title='bbox 369 1956 480 1995; x_wconf 90' lang='lat' dir='ltr'>Tunc</span> <span class='ocrx_word' id='word_1_194' title='bbox 512 1958 681 2006; x_wconf 89' lang='lat' dir='ltr'>primum</span> <span class='ocrx_word' id='word_1_195' title='bbox 714 1961 874 1993; x_wconf 88' lang='lat' dir='ltr'>externa</span> <span class='ocrx_word' id='word_1_196' title='bbox 906 1960 1065 2005; x_wconf 87' lang='lat' dir='ltr'>pectora</span> <span class='ocrx_word' id='word_1_197' title='bbox 1098 1959 1198 1992; x_wconf 88' lang='lat' dir='ltr'>tacta</span> <span class='ocrx_word' id='word_1_198' title='bbox 1231 1965 1368 1991; x_wconf 89' lang='lat' dir='ltr'>manu.</span> 
     </span>
     <span class='ocr_line' id='line_1_33' title="bbox 222 2012 1456 2064; baseline -0.004 -10"><span class='ocrx_word' id='word_1_199' title='bbox 222 2024 290 2055; x_wconf 87' lang='lat'>805</span> <span class='ocrx_word' id='word_1_200' title='bbox 310 2014 433 2053; x_wconf 87' lang='lat' dir='ltr'>Instat</span> <span class='ocrx_word' id='word_1_201' title='bbox 465 2026 596 2052; x_wconf 84' lang='lat' dir='ltr'>amans</span> <span class='ocrx_word' id='word_1_202' title='bbox 629 2014 752 2052; x_wconf 88' lang='lat' dir='ltr'>hostis</span> <span class='ocrx_word' id='word_1_203' title='bbox 784 2013 968 2064; x_wconf 90' lang='lat' dir='ltr'>precibus</span> <span class='ocrx_word' id='word_1_204' title='bbox 1000 2014 1205 2063; x_wconf 87' lang='lat' dir='ltr'>pretioque</span> <span class='ocrx_word' id='word_1_205' title='bbox 1238 2012 1456 2061; x_wconf 85' lang='lat' dir='ltr'>minisque:</span> 
     </span>
     <span class='ocr_line' id='line_1_34' title="bbox 370 2069 1451 2124; baseline -0.005 -13"><span class='ocrx_word' id='word_1_206' title='bbox 370 2073 450 2111; x_wconf 88' lang='lat' dir='ltr'>Nec</span> <span class='ocrx_word' id='word_1_207' title='bbox 481 2085 627 2124; x_wconf 87' lang='lat' dir='ltr'>prece,</span> <span class='ocrx_word' id='word_1_208' title='bbox 661 2084 733 2110; x_wconf 89' lang='lat' dir='ltr'>nec</span> <span class='ocrx_word' id='word_1_209' title='bbox 765 2073 921 2123; x_wconf 87' lang='lat' dir='ltr'>pretio,</span> <span class='ocrx_word' id='word_1_210' title='bbox 955 2083 1026 2109; x_wconf 91' lang='lat' dir='ltr'>nec</span> <span class='ocrx_word' id='word_1_211' title='bbox 1060 2076 1188 2108; x_wconf 89' lang='lat' dir='ltr'>movet</span> <span class='ocrx_word' id='word_1_212' title='bbox 1218 2069 1282 2108; x_wconf 88' lang='lat' dir='ltr'>ille</span> <span class='ocrx_word' id='word_1_213' title='bbox 1314 2070 1451 2107; x_wconf 81' lang='lat' dir='ltr'>minis.</span> 
     </span>
     <span class='ocr_line' id='line_1_35' title="bbox 312 2126 1382 2182; baseline -0.004 -12"><span class='ocrx_word' id='word_1_214' title='bbox 312 2129 395 2170; x_wconf 72' lang='lat' dir='ltr'>‘Nil</span> <span class='ocrx_word' id='word_1_215' title='bbox 428 2129 537 2182; x_wconf 78' lang='lat' dir='ltr'>agis!</span> <span class='ocrx_word' id='word_1_216' title='bbox 583 2127 764 2181; x_wconf 87' lang='lat' dir='ltr'>eripiam’</span> <span class='ocrx_word' id='word_1_217' title='bbox 799 2131 894 2168; x_wconf 86' lang='lat' dir='ltr'>dixit</span> <span class='ocrx_word' id='word_1_218' title='bbox 926 2126 1018 2180; x_wconf 77' lang='lat' dir='ltr'>‘per</span> <span class='ocrx_word' id='word_1_219' title='bbox 1050 2130 1211 2167; x_wconf 89' lang='lat' dir='ltr'>crimina</span> <span class='ocrx_word' id='word_1_220' title='bbox 1243 2129 1382 2166; x_wconf 88' lang='lat' dir='ltr'>vitam:</span> 
     </span>
     <span class='ocr_line' id='line_1_36' title="bbox 373 2187 1172 2228; baseline -0.004 -1"><span class='ocrx_word' id='word_1_221' title='bbox 373 2189 508 2228; x_wconf 85' lang='lat' dir='ltr'>Falsus</span> <span class='ocrx_word' id='word_1_222' title='bbox 541 2190 722 2228; x_wconf 87' lang='lat' dir='ltr'>adulterii</span> <span class='ocrx_word' id='word_1_223' title='bbox 753 2190 864 2227; x_wconf 87' lang='lat' dir='ltr'>testis</span> <span class='ocrx_word' id='word_1_224' title='bbox 897 2187 1049 2226; x_wconf 88' lang='lat' dir='ltr'>adulter</span> <span class='ocrx_word' id='word_1_225' title='bbox 1081 2199 1172 2225; x_wconf 83' lang='lat' dir='ltr'>ero:</span> 
     </span>
     <span class='ocr_line' id='line_1_37' title="bbox 313 2239 1456 2298; baseline -0.004 -11"><span class='ocrx_word' id='word_1_226' title='bbox 313 2248 538 2287; x_wconf 88' lang='lat' dir='ltr'>Interimam</span> <span class='ocrx_word' id='word_1_227' title='bbox 570 2247 756 2286; x_wconf 85' lang='lat' dir='ltr'>famulum</span> <span class='ocrx_word' id='word_1_228' title='bbox 775 2277 786 2298; x_wconf 93' lang='lat'>,</span> <span class='ocrx_word' id='word_1_229' title='bbox 818 2258 908 2286; x_wconf 84' lang='lat' dir='ltr'>eum</span> <span class='ocrx_word' id='word_1_230' title='bbox 940 2257 1016 2296; x_wconf 87' lang='lat' dir='ltr'>quo</span> <span class='ocrx_word' id='word_1_231' title='bbox 1049 2244 1241 2295; x_wconf 86' lang='lat' dir='ltr'>deprensa</span> <span class='ocrx_word' id='word_1_232' title='bbox 1273 2239 1456 2282; x_wconf 57' lang='lat' dir='ltr'>fereris?</span> 
     </span>
     <span class='ocr_line' id='line_1_38' title="bbox 226 2303 1198 2356; baseline -0.003 -11"><span class='ocrx_word' id='word_1_233' title='bbox 226 2315 294 2345; x_wconf 88' lang='lat'>810</span> <span class='ocrx_word' id='word_1_234' title='bbox 376 2305 592 2345; x_wconf 88' lang='lat' dir='ltr'>Succubuit</span> <span class='ocrx_word' id='word_1_235' title='bbox 624 2306 746 2344; x_wconf 86' lang='lat' dir='ltr'>famae</span> <span class='ocrx_word' id='word_1_236' title='bbox 778 2306 879 2344; x_wconf 88' lang='lat' dir='ltr'>victa</span> <span class='ocrx_word' id='word_1_237' title='bbox 910 2303 1035 2356; x_wconf 90' lang='lat' dir='ltr'>puella</span> <span class='ocrx_word' id='word_1_238' title='bbox 1068 2309 1198 2342; x_wconf 86' lang='lat' dir='ltr'>metu.</span> 
     </span>
    </p>
   </div>
  </div>
 </body>
</html>
