<?xml version="1.0" encoding="UTF-8"?>
<!DOCTYPE html PUBLIC "-//W3C//DTD XHTML 1.0 Transitional//EN"
    "http://www.w3.org/TR/xhtml1/DTD/xhtml1-transitional.dtd">
<html xmlns="http://www.w3.org/1999/xhtml" xml:lang="en" lang="en">
 <head>
  <title>
</title>
<meta http-equiv="Content-Type" content="text/html;charset=utf-8" />
  <meta name='ocr-system' content='tesseract 3.04.00' />
  <meta name='ocr-capabilities' content='ocr_page ocr_carea ocr_par ocr_line ocrx_word'/>
</head>
<body>
  <div class='ocr_page' id='page_1' title='image "./ovidopera03oviduoft_0125.png"; bbox 0 0 1570 2527; ppageno 0'>
   <div class='ocr_carea' id='block_1_1' title="bbox 532 107 1377 147">
    <p class='ocr_par' dir='ltr' id='par_1_1' title="bbox 532 107 1377 147">
     <span class='ocr_line' id='line_1_1' title="bbox 532 107 1377 147; baseline 0.009 -8"><span class='ocrx_word' id='word_1_1' title='bbox 532 108 592 140; x_wconf 89' lang='lat' dir='ltr'>IV.</span> <span class='ocrx_word' id='word_1_2' title='bbox 619 115 662 141; x_wconf 81' lang='lat' dir='ltr'>1v</span> <span class='ocrx_word' id='word_1_3' title='bbox 683 110 802 141; x_wconf 79' lang='lat' dir='ltr'>55-v</span> <span class='ocrx_word' id='word_1_4' title='bbox 823 109 876 140; x_wconf 80' lang='lat'>34.</span> <span class='ocrx_word' id='word_1_5' title='bbox 1326 107 1377 147; x_wconf 84' lang='lat'>71</span> 
     </span>
    </p>
   </div>
   <div class='ocr_carea' id='block_1_2' title="bbox 684 237 738 285">
    <p class='ocr_par' dir='ltr' id='par_1_2' title="bbox 684 237 738 285">
     <span class='ocr_line' id='line_1_2' title="bbox 684 237 738 285; baseline 0.037 -2"><span class='ocrx_word' id='word_1_6' title='bbox 684 237 738 285; x_wconf 88' lang='lat' dir='ltr'>V.</span> 
     </span>
    </p>
   </div>
   <div class='ocr_carea' id='block_1_3' title="bbox 90 331 1380 2305">
    <p class='ocr_par' dir='ltr' id='par_1_3' title="bbox 90 331 1380 2305">
     <span class='ocr_line' id='line_1_3' title="bbox 153 331 1128 385; baseline -0.002 -12"><span class='ocrx_word' id='word_1_7' title='bbox 153 333 188 373; x_wconf 88' lang='grc' dir='ltr'>Ο</span> <span class='ocrx_word' id='word_1_8' title='bbox 220 333 314 372; x_wconf 90' lang='lat' dir='ltr'>mihi</span> <span class='ocrx_word' id='word_1_9' title='bbox 346 331 508 372; x_wconf 88' lang='lat' dir='ltr'>dilectos</span> <span class='ocrx_word' id='word_1_10' title='bbox 540 334 643 371; x_wconf 81' lang='lat' dir='ltr'>inter</span> <span class='ocrx_word' id='word_1_11' title='bbox 675 344 765 383; x_wconf 85' lang='lat' dir='ltr'>pars</span> <span class='ocrx_word' id='word_1_12' title='bbox 797 334 922 384; x_wconf 83' lang='lat' dir='ltr'>prima</span> <span class='ocrx_word' id='word_1_13' title='bbox 955 332 1128 385; x_wconf 84' lang='lat' dir='ltr'>sodales,</span> 
     </span>
     <span class='ocr_line' id='line_1_4' title="bbox 156 392 916 442; baseline -0.003 -11"><span class='ocrx_word' id='word_1_14' title='bbox 156 392 278 431; x_wconf 87' lang='lat' dir='ltr'>Unica</span> <span class='ocrx_word' id='word_1_15' title='bbox 310 392 478 430; x_wconf 83' lang='lat' dir='ltr'>fortunis</span> <span class='ocrx_word' id='word_1_16' title='bbox 511 403 576 429; x_wconf 89' lang='lat' dir='ltr'>ara</span> <span class='ocrx_word' id='word_1_17' title='bbox 607 396 763 442; x_wconf 82' lang='lat' dir='ltr'>reperta</span> <span class='ocrx_word' id='word_1_18' title='bbox 796 393 916 442; x_wconf 88' lang='lat' dir='ltr'>meis,</span> 
     </span>
     <span class='ocr_line' id='line_1_5' title="bbox 157 447 1325 501; baseline -0.001 -11"><span class='ocrx_word' id='word_1_19' title='bbox 157 450 277 490; x_wconf 88' lang='lat' dir='ltr'>Cuius</span> <span class='ocrx_word' id='word_1_20' title='bbox 310 450 356 488; x_wconf 86' lang='lat' dir='ltr'>ab</span> <span class='ocrx_word' id='word_1_21' title='bbox 389 449 580 501; x_wconf 81' lang='lat' dir='ltr'>adloquiis</span> <span class='ocrx_word' id='word_1_22' title='bbox 612 451 739 488; x_wconf 87' lang='lat' dir='ltr'>anima</span> <span class='ocrx_word' id='word_1_23' title='bbox 771 449 865 488; x_wconf 89' lang='lat' dir='ltr'>haec</span> <span class='ocrx_word' id='word_1_24' title='bbox 899 450 1130 489; x_wconf 80' lang='lat' dir='ltr'>moribunda</span> <span class='ocrx_word' id='word_1_25' title='bbox 1162 447 1325 501; x_wconf 83' lang='lat' dir='ltr'>revixit,</span> 
     </span>
     <span class='ocr_line' id='line_1_6' title="bbox 157 508 1012 560; baseline -0.001 -12"><span class='ocrx_word' id='word_1_26' title='bbox 157 509 206 548; x_wconf 91' lang='lat' dir='ltr'>Ut</span> <span class='ocrx_word' id='word_1_27' title='bbox 237 509 328 560; x_wconf 88' lang='lat' dir='ltr'>vigil</span> <span class='ocrx_word' id='word_1_28' title='bbox 361 509 488 547; x_wconf 82' lang='lat' dir='ltr'>infusa</span> <span class='ocrx_word' id='word_1_29' title='bbox 521 508 674 547; x_wconf 80' lang='lat' dir='ltr'>Pallade</span> <span class='ocrx_word' id='word_1_30' title='bbox 707 508 858 546; x_wconf 81' lang='lat' dir='ltr'>flamma</span> <span class='ocrx_word' id='word_1_31' title='bbox 892 508 1012 560; x_wconf 81' lang='lat' dir='ltr'>solet3</span> 
     </span>
     <span class='ocr_line' id='line_1_7' title="bbox 112 567 1120 618; baseline 0 -12"><span class='ocrx_word' id='word_1_32' title='bbox 112 576 135 606; x_wconf 74' lang='grc'><em>5</em></span> <span class='ocrx_word' id='word_1_33' title='bbox 158 567 233 613; x_wconf 85' lang='lat' dir='ltr'>Qui</span> <span class='ocrx_word' id='word_1_34' title='bbox 265 569 414 606; x_wconf 87' lang='lat' dir='ltr'>veritus</span> <span class='ocrx_word' id='word_1_35' title='bbox 446 578 524 605; x_wconf 91' lang='lat' dir='ltr'>non</span> <span class='ocrx_word' id='word_1_36' title='bbox 556 579 598 606; x_wconf 92' lang='lat' dir='ltr'>es</span> <span class='ocrx_word' id='word_1_37' title='bbox 631 573 768 618; x_wconf 89' lang='lat' dir='ltr'>portus</span> <span class='ocrx_word' id='word_1_38' title='bbox 802 569 953 618; x_wconf 86' lang='lat' dir='ltr'>aperire</span> <span class='ocrx_word' id='word_1_39' title='bbox 987 567 1120 607; x_wconf 86' lang='lat' dir='ltr'>fideles</span> 
     </span>
     <span class='ocr_line' id='line_1_8' title="bbox 156 625 1048 678; baseline 0 -14"><span class='ocrx_word' id='word_1_40' title='bbox 156 625 334 665; x_wconf 89' lang='lat' dir='ltr'>Fulmine</span> <span class='ocrx_word' id='word_1_41' title='bbox 368 637 578 677; x_wconf 79' lang='lat' dir='ltr'>percussae</span> <span class='ocrx_word' id='word_1_42' title='bbox 613 626 918 677; x_wconf 83' lang='lat' dir='ltr'>confugiumque</span> <span class='ocrx_word' id='word_1_43' title='bbox 951 628 1048 678; x_wconf 72' lang='lat' dir='ltr'>rati,</span> 
     </span>
     <span class='ocr_line' id='line_1_9' title="bbox 158 684 1240 739; baseline 0.001 -17"><span class='ocrx_word' id='word_1_44' title='bbox 158 684 279 723; x_wconf 90' lang='lat' dir='ltr'>Cuius</span> <span class='ocrx_word' id='word_1_45' title='bbox 313 696 419 723; x_wconf 89' lang='lat' dir='ltr'>eram</span> <span class='ocrx_word' id='word_1_46' title='bbox 452 696 573 723; x_wconf 86' lang='lat' dir='ltr'>censu</span> <span class='ocrx_word' id='word_1_47' title='bbox 605 697 681 723; x_wconf 92' lang='lat' dir='ltr'>non</span> <span class='ocrx_word' id='word_1_48' title='bbox 716 697 777 723; x_wconf 89' lang='lat' dir='ltr'>me</span> <span class='ocrx_word' id='word_1_49' title='bbox 812 697 1001 723; x_wconf 88' lang='lat' dir='ltr'>sensurus</span> <span class='ocrx_word' id='word_1_50' title='bbox 1034 690 1240 739; x_wconf 89' lang='lat' dir='ltr'>egentem,</span> 
     </span>
     <span class='ocr_line' id='line_1_10' title="bbox 157 742 938 793; baseline 0 -12"><span class='ocrx_word' id='word_1_51' title='bbox 157 742 198 781; x_wconf 89' lang='lat' dir='ltr'>Si</span> <span class='ocrx_word' id='word_1_52' title='bbox 230 742 371 781; x_wconf 85' lang='lat' dir='ltr'>Caesar</span> <span class='ocrx_word' id='word_1_53' title='bbox 402 744 547 793; x_wconf 85' lang='lat' dir='ltr'>patrias</span> <span class='ocrx_word' id='word_1_54' title='bbox 581 744 791 793; x_wconf 78' lang='lat' dir='ltr'>eripuisset</span> <span class='ocrx_word' id='word_1_55' title='bbox 822 742 938 793; x_wconf 88' lang='lat' dir='ltr'>opes!</span> 
     </span>
     <span class='ocr_line' id='line_1_11' title="bbox 155 799 1292 854; baseline 0.001 -15"><span class='ocrx_word' id='word_1_56' title='bbox 155 800 363 852; x_wconf 82' lang='lat' dir='ltr'>Temporis</span> <span class='ocrx_word' id='word_1_57' title='bbox 396 799 560 839; x_wconf 87' lang='lat' dir='ltr'>oblitum</span> <span class='ocrx_word' id='word_1_58' title='bbox 593 800 686 839; x_wconf 88' lang='lat' dir='ltr'>dum</span> <span class='ocrx_word' id='word_1_59' title='bbox 719 813 779 839; x_wconf 91' lang='lat' dir='ltr'>me</span> <span class='ocrx_word' id='word_1_60' title='bbox 813 803 915 851; x_wconf 80' lang='lat' dir='ltr'>rapit</span> <span class='ocrx_word' id='word_1_61' title='bbox 946 804 1115 852; x_wconf 88' lang='lat' dir='ltr'>impetus</span> <span class='ocrx_word' id='word_1_62' title='bbox 1148 802 1292 854; x_wconf 86' lang='lat' dir='ltr'>huius,</span> 
     </span>
     <span class='ocr_line' id='line_1_12' title="bbox 94 858 1232 910; baseline 0 -12"><span class='ocrx_word' id='word_1_63' title='bbox 94 868 136 898; x_wconf 81' lang='lat'>10</span> <span class='ocrx_word' id='word_1_64' title='bbox 157 859 312 898; x_wconf 75' lang='lat' dir='ltr'>Excidit</span> <span class='ocrx_word' id='word_1_65' title='bbox 343 858 449 897; x_wconf 83' lang='lat' dir='ltr'>heu!</span> <span class='ocrx_word' id='word_1_66' title='bbox 495 871 637 897; x_wconf 90' lang='lat' dir='ltr'>nomen</span> <span class='ocrx_word' id='word_1_67' title='bbox 671 871 786 909; x_wconf 85' lang='lat' dir='ltr'>quam</span> <span class='ocrx_word' id='word_1_68' title='bbox 819 859 913 897; x_wconf 83' lang='lat' dir='ltr'>milii</span> <span class='ocrx_word' id='word_1_69' title='bbox 944 872 1065 910; x_wconf 88' lang='lat' dir='ltr'>paene</span> <span class='ocrx_word' id='word_1_70' title='bbox 1099 859 1232 899; x_wconf 78' lang='lat' dir='ltr'>tuum!</span> 
     </span>
     <span class='ocr_line' id='line_1_13' title="bbox 154 918 1224 971; baseline -0.001 -14"><span class='ocrx_word' id='word_1_71' title='bbox 154 918 214 957; x_wconf 90' lang='lat' dir='ltr'>Tu</span> <span class='ocrx_word' id='word_1_72' title='bbox 246 923 374 956; x_wconf 88' lang='lat' dir='ltr'>tamen</span> <span class='ocrx_word' id='word_1_73' title='bbox 408 919 586 968; x_wconf 80' lang='lat' dir='ltr'>agnoscis</span> <span class='ocrx_word' id='word_1_74' title='bbox 620 923 826 968; x_wconf 86' lang='lat' dir='ltr'>tactusque</span> <span class='ocrx_word' id='word_1_75' title='bbox 860 918 1042 969; x_wconf 90' lang='lat' dir='ltr'>cupidine</span> <span class='ocrx_word' id='word_1_76' title='bbox 1075 918 1224 971; x_wconf 86' lang='lat' dir='ltr'>laudis,</span> 
     </span>
     <span class='ocr_line' id='line_1_14' title="bbox 155 973 1169 1028; baseline 0 -13"><span class='ocrx_word' id='word_1_77' title='bbox 155 974 237 1015; x_wconf 64' lang='lat' dir='ltr'>eIlle</span> <span class='ocrx_word' id='word_1_78' title='bbox 271 989 341 1027; x_wconf 87' lang='lat' dir='ltr'>ego</span> <span class='ocrx_word' id='word_1_79' title='bbox 375 973 477 1015; x_wconf 86' lang='lat' dir='ltr'>sum&#39;</span> <span class='ocrx_word' id='word_1_80' title='bbox 511 988 676 1028; x_wconf 87' lang='lat' dir='ltr'>cuperes</span> <span class='ocrx_word' id='word_1_81' title='bbox 710 976 840 1015; x_wconf 84' lang='lat' dir='ltr'>dicere</span> <span class='ocrx_word' id='word_1_82' title='bbox 873 989 987 1028; x_wconf 90' lang='lat' dir='ltr'>posse</span> <span class='ocrx_word' id='word_1_83' title='bbox 1020 977 1169 1028; x_wconf 75' lang='lat' dir='ltr'>palam,</span> 
     </span>
     <span class='ocr_line' id='line_1_15' title="bbox 156 1035 1379 1087; baseline 0.001 -14"><span class='ocrx_word' id='word_1_84' title='bbox 156 1035 270 1074; x_wconf 82' lang='lat' dir='ltr'>Certe</span> <span class='ocrx_word' id='word_1_85' title='bbox 304 1047 373 1086; x_wconf 89' lang='lat' dir='ltr'>ego</span> <span class='ocrx_word' id='word_1_86' title='bbox 393 1066 404 1087; x_wconf 94' lang='lat'>,</span> <span class='ocrx_word' id='word_1_87' title='bbox 437 1036 470 1073; x_wconf 92' lang='lat' dir='ltr'>si</span> <span class='ocrx_word' id='word_1_88' title='bbox 502 1036 682 1087; x_wconf 88' lang='lat' dir='ltr'>sineres,</span> <span class='ocrx_word' id='word_1_89' title='bbox 720 1035 878 1074; x_wconf 91' lang='lat' dir='ltr'>titulum</span> <span class='ocrx_word' id='word_1_90' title='bbox 917 1035 984 1074; x_wconf 89' lang='lat' dir='ltr'>tibi</span> <span class='ocrx_word' id='word_1_91' title='bbox 1019 1035 1185 1074; x_wconf 85' lang='lat' dir='ltr'>reddere</span> <span class='ocrx_word' id='word_1_92' title='bbox 1218 1035 1379 1087; x_wconf 86' lang='lat' dir='ltr'>vellem,</span> 
     </span>
     <span class='ocr_line' id='line_1_16' title="bbox 155 1094 936 1133; baseline 0.001 -1"><span class='ocrx_word' id='word_1_93' title='bbox 155 1094 205 1133; x_wconf 89' lang='lat' dir='ltr'>Et</span> <span class='ocrx_word' id='word_1_94' title='bbox 236 1106 363 1132; x_wconf 79' lang='lat' dir='ltr'>raram</span> <span class='ocrx_word' id='word_1_95' title='bbox 397 1094 520 1132; x_wconf 76' lang='lat' dir='ltr'>faniae</span> <span class='ocrx_word' id='word_1_96' title='bbox 554 1094 763 1132; x_wconf 88' lang='lat' dir='ltr'>conciliare</span> <span class='ocrx_word' id='word_1_97' title='bbox 797 1094 936 1133; x_wconf 87' lang='lat' dir='ltr'>fidem.</span> 
     </span>
     <span class='ocr_line' id='line_1_17' title="bbox 94 1152 1184 1205; baseline 0.001 -14"><span class='ocrx_word' id='word_1_98' title='bbox 94 1161 134 1191; x_wconf 81' lang='lat'>15</span> <span class='ocrx_word' id='word_1_99' title='bbox 155 1153 211 1191; x_wconf 92' lang='lat' dir='ltr'>Ne</span> <span class='ocrx_word' id='word_1_100' title='bbox 244 1165 405 1191; x_wconf 90' lang='lat' dir='ltr'>noceam</span> <span class='ocrx_word' id='word_1_101' title='bbox 438 1157 548 1203; x_wconf 81' lang='lat' dir='ltr'>grato</span> <span class='ocrx_word' id='word_1_102' title='bbox 581 1165 719 1191; x_wconf 87' lang='lat' dir='ltr'>vereor</span> <span class='ocrx_word' id='word_1_103' title='bbox 753 1152 822 1191; x_wconf 90' lang='lat' dir='ltr'>tibi</span> <span class='ocrx_word' id='word_1_104' title='bbox 854 1154 1055 1205; x_wconf 76' lang='lat' dir='ltr'>carmine,</span> <span class='ocrx_word' id='word_1_105' title='bbox 1088 1165 1184 1192; x_wconf 89' lang='lat' dir='ltr'>neve</span> 
     </span>
     <span class='ocr_line' id='line_1_18' title="bbox 155 1211 1000 1262; baseline 0.001 -13"><span class='ocrx_word' id='word_1_106' title='bbox 155 1211 457 1262; x_wconf 85' lang='lat' dir='ltr'>Intempestivus</span> <span class='ocrx_word' id='word_1_107' title='bbox 490 1213 658 1250; x_wconf 89' lang='lat' dir='ltr'>nominis</span> <span class='ocrx_word' id='word_1_108' title='bbox 692 1211 820 1250; x_wconf 86' lang='lat' dir='ltr'>obstet</span> <span class='ocrx_word' id='word_1_109' title='bbox 852 1211 1000 1251; x_wconf 84' lang='lat' dir='ltr'>honor.</span> 
     </span>
     <span class='ocr_line' id='line_1_19' title="bbox 156 1269 1351 1323; baseline 0 -15"><span class='ocrx_word' id='word_1_110' title='bbox 156 1269 268 1316; x_wconf 88' lang='lat' dir='ltr'>Quod</span> <span class='ocrx_word' id='word_1_111' title='bbox 302 1269 393 1308; x_wconf 88' lang='lat' dir='ltr'>lieet</span> <span class='ocrx_word' id='word_1_112' title='bbox 426 1274 464 1308; x_wconf 90' lang='lat' dir='ltr'>et</span> <span class='ocrx_word' id='word_1_113' title='bbox 496 1275 624 1308; x_wconf 85' lang='lat' dir='ltr'>tutum</span> <span class='ocrx_word' id='word_1_114' title='bbox 657 1275 744 1323; x_wconf 91' lang='lat' dir='ltr'>est,</span> <span class='ocrx_word' id='word_1_115' title='bbox 778 1272 878 1308; x_wconf 88' lang='lat' dir='ltr'>intra</span> <span class='ocrx_word' id='word_1_116' title='bbox 913 1275 977 1308; x_wconf 89' lang='lat' dir='ltr'>tua</span> <span class='ocrx_word' id='word_1_117' title='bbox 1009 1275 1169 1321; x_wconf 84' lang='lat' dir='ltr'>pectora</span> <span class='ocrx_word' id='word_1_118' title='bbox 1202 1269 1351 1322; x_wconf 83' lang='lat' dir='ltr'>gaude,</span> 
     </span>
     <span class='ocr_line' id='line_1_20' title="bbox 154 1328 1097 1380; baseline 0.001 -13"><span class='ocrx_word' id='word_1_119' title='bbox 154 1328 294 1379; x_wconf 86' lang='lat' dir='ltr'>Meque</span> <span class='ocrx_word' id='word_1_120' title='bbox 326 1329 385 1367; x_wconf 90' lang='lat' dir='ltr'>tui</span> <span class='ocrx_word' id='word_1_121' title='bbox 417 1340 631 1367; x_wconf 87' lang='lat' dir='ltr'>memorem</span> <span class='ocrx_word' id='word_1_122' title='bbox 663 1334 780 1379; x_wconf 87' lang='lat' dir='ltr'>teque</span> <span class='ocrx_word' id='word_1_123' title='bbox 813 1329 934 1367; x_wconf 84' lang='lat' dir='ltr'>fuisse</span> <span class='ocrx_word' id='word_1_124' title='bbox 967 1331 1097 1380; x_wconf 89' lang='lat' dir='ltr'>pium.</span> 
     </span>
     <span class='ocr_line' id='line_1_21' title="bbox 155 1386 1255 1438; baseline 0 -13"><span class='ocrx_word' id='word_1_125' title='bbox 155 1386 282 1437; x_wconf 87' lang='lat' dir='ltr'>thue</span> <span class='ocrx_word' id='word_1_126' title='bbox 316 1387 440 1438; x_wconf 83' lang='lat' dir='ltr'>facis,</span> <span class='ocrx_word' id='word_1_127' title='bbox 472 1389 591 1426; x_wconf 89' lang='lat' dir='ltr'>remis</span> <span class='ocrx_word' id='word_1_128' title='bbox 624 1387 671 1425; x_wconf 89' lang='lat' dir='ltr'>ad</span> <span class='ocrx_word' id='word_1_129' title='bbox 703 1399 816 1438; x_wconf 90' lang='lat' dir='ltr'>opem</span> <span class='ocrx_word' id='word_1_130' title='bbox 850 1386 997 1425; x_wconf 87' lang='lat' dir='ltr'>luctare</span> <span class='ocrx_word' id='word_1_131' title='bbox 1031 1386 1255 1438; x_wconf 82' lang='lat' dir='ltr'>ferendam,</span> 
     </span>
     <span class='ocr_line' id='line_1_22' title="bbox 90 1445 1038 1512; baseline 0 -29"><span class='ocrx_word' id='word_1_132' title='bbox 90 1453 135 1484; x_wconf 79' lang='lat'>20</span> <span class='ocrx_word' id='word_1_133' title='bbox 156 1445 255 1484; x_wconf 89' lang='lat' dir='ltr'>Dum</span> <span class='ocrx_word' id='word_1_134' title='bbox 288 1447 417 1484; x_wconf 88' lang='lat' dir='ltr'>veniat</span> <span class='ocrx_word' id='word_1_135' title='bbox 447 1445 598 1496; x_wconf 88' lang='lat' dir='ltr'>placido</span> <span class='ocrx_word' id='word_1_136' title='bbox 631 1445 784 1483; x_wconf 88' lang='lat' dir='ltr'>mollior</span> <span class='ocrx_word' id='word_1_137' title='bbox 816 1457 910 1483; x_wconf 86' lang='lat' dir='ltr'>aura</span> <span class='ocrx_word' id='word_1_138' title='bbox 942 1445 1038 1512; x_wconf 71' lang='lat' dir='ltr'>deo,</span> 
     </span>
     <span class='ocr_line' id='line_1_23' title="bbox 155 1502 1072 1555; baseline 0 -13"><span class='ocrx_word' id='word_1_139' title='bbox 155 1503 205 1542; x_wconf 91' lang='lat' dir='ltr'>Et</span> <span class='ocrx_word' id='word_1_140' title='bbox 238 1509 364 1542; x_wconf 82' lang='lat' dir='ltr'>tutale</span> <span class='ocrx_word' id='word_1_141' title='bbox 398 1510 516 1554; x_wconf 88' lang='lat' dir='ltr'>caput</span> <span class='ocrx_word' id='word_1_142' title='bbox 547 1502 644 1542; x_wconf 87' lang='lat' dir='ltr'>nulli</span> <span class='ocrx_word' id='word_1_143' title='bbox 676 1503 896 1555; x_wconf 89' lang='lat' dir='ltr'>servabile,</span> <span class='ocrx_word' id='word_1_144' title='bbox 929 1505 963 1542; x_wconf 91' lang='lat' dir='ltr'>si</span> <span class='ocrx_word' id='word_1_145' title='bbox 995 1516 1072 1542; x_wconf 90' lang='lat' dir='ltr'>non</span> 
     </span>
     <span class='ocr_line' id='line_1_24' title="bbox 157 1561 1114 1614; baseline 0 -14"><span class='ocrx_word' id='word_1_146' title='bbox 157 1562 233 1608; x_wconf 83' lang='lat' dir='ltr'>Qui</span> <span class='ocrx_word' id='word_1_147' title='bbox 264 1563 402 1600; x_wconf 83' lang='lat' dir='ltr'>mersit</span> <span class='ocrx_word' id='word_1_148' title='bbox 435 1562 594 1613; x_wconf 84' lang='lat' dir='ltr'>Stygia,</span> <span class='ocrx_word' id='word_1_149' title='bbox 627 1561 804 1601; x_wconf 87' lang='lat' dir='ltr'>sublevet</span> <span class='ocrx_word' id='word_1_150' title='bbox 835 1562 960 1614; x_wconf 87' lang='lat' dir='ltr'>illud,</span> <span class='ocrx_word' id='word_1_151' title='bbox 993 1574 1114 1613; x_wconf 89' lang='lat' dir='ltr'>aqua:</span> 
     </span>
     <span class='ocr_line' id='line_1_25' title="bbox 156 1607 1380 1672; baseline 0.001 -14"><span class='ocrx_word' id='word_1_152' title='bbox 156 1620 290 1671; x_wconf 89' lang='lat' dir='ltr'>Teque</span> <span class='ocrx_word' id='word_1_153' title='bbox 309 1651 320 1672; x_wconf 90' lang='lat'>,</span> <span class='ocrx_word' id='word_1_154' title='bbox 350 1621 452 1671; x_wconf 88' lang='lat' dir='ltr'>quod</span> <span class='ocrx_word' id='word_1_155' title='bbox 481 1626 539 1660; x_wconf 88' lang='lat' dir='ltr'>est</span> <span class='ocrx_word' id='word_1_156' title='bbox 564 1632 696 1659; x_wconf 88' lang='lat' dir='ltr'>rarum</span> <span class='ocrx_word' id='word_1_157' title='bbox 715 1652 725 1672; x_wconf 86' lang='lat'>,</span> <span class='ocrx_word' id='word_1_158' title='bbox 759 1627 913 1671; x_wconf 77' lang='lat' dir='ltr'>piaesta</span> <span class='ocrx_word' id='word_1_159' title='bbox 940 1627 1165 1660; x_wconf 79' lang='lat' dir='ltr'>constanter</span> <span class='ocrx_word' id='word_1_160' title='bbox 1192 1621 1239 1659; x_wconf 86' lang='lat' dir='ltr'>ad</span> <span class='ocrx_word' id='word_1_161' title='bbox 1267 1607 1380 1660; x_wconf 90' lang='lat' dir='ltr'>omne</span> 
     </span>
     <span class='ocr_line' id='line_1_26' title="bbox 155 1679 837 1718; baseline 0 -1"><span class='ocrx_word' id='word_1_162' title='bbox 155 1679 415 1718; x_wconf 82' lang='lat' dir='ltr'>Indeclinatae</span> <span class='ocrx_word' id='word_1_163' title='bbox 447 1691 590 1718; x_wconf 91' lang='lat' dir='ltr'>munus</span> <span class='ocrx_word' id='word_1_164' title='bbox 623 1679 837 1718; x_wconf 82' lang='lat' dir='ltr'>amicitiae!</span> 
     </span>
     <span class='ocr_line' id='line_1_27' title="bbox 90 1737 1173 1791; baseline 0.001 -15"><span class='ocrx_word' id='word_1_165' title='bbox 90 1745 135 1776; x_wconf 78' lang='lat'>25</span> <span class='ocrx_word' id='word_1_166' title='bbox 158 1737 222 1777; x_wconf 91' lang='lat' dir='ltr'>Sic</span> <span class='ocrx_word' id='word_1_167' title='bbox 255 1743 321 1776; x_wconf 84' lang='lat' dir='ltr'>tua</span> <span class='ocrx_word' id='word_1_168' title='bbox 351 1750 562 1789; x_wconf 87' lang='lat' dir='ltr'>processus</span> <span class='ocrx_word' id='word_1_169' title='bbox 594 1737 734 1777; x_wconf 88' lang='lat' dir='ltr'>habeat</span> <span class='ocrx_word' id='word_1_170' title='bbox 765 1739 923 1776; x_wconf 83' lang='lat' dir='ltr'>fortuna</span> <span class='ocrx_word' id='word_1_171' title='bbox 954 1750 1173 1791; x_wconf 84' lang='lat' dir='ltr'>perennes,</span> 
     </span>
     <span class='ocr_line' id='line_1_28' title="bbox 157 1796 1096 1848; baseline 0 -13"><span class='ocrx_word' id='word_1_172' title='bbox 157 1797 221 1835; x_wconf 87' lang='lat' dir='ltr'>Sic</span> <span class='ocrx_word' id='word_1_173' title='bbox 254 1808 326 1847; x_wconf 89' lang='lat' dir='ltr'>ope</span> <span class='ocrx_word' id='word_1_174' title='bbox 360 1808 455 1848; x_wconf 45' lang='lat' dir='ltr'>nos}</span> <span class='ocrx_word' id='word_1_175' title='bbox 471 1809 584 1848; x_wconf 85' lang='lat' dir='ltr'>egeas</span> <span class='ocrx_word' id='word_1_176' title='bbox 617 1798 700 1848; x_wconf 90' lang='lat' dir='ltr'>ipse</span> <span class='ocrx_word' id='word_1_177' title='bbox 721 1828 731 1848; x_wconf 93' lang='lat'>,</span> <span class='ocrx_word' id='word_1_178' title='bbox 762 1798 951 1847; x_wconf 88' lang='lat' dir='ltr'>iuvesque</span> <span class='ocrx_word' id='word_1_179' title='bbox 984 1796 1096 1835; x_wconf 75' lang='lat' dir='ltr'>tuos!</span> 
     </span>
     <span class='ocr_line' id='line_1_29' title="bbox 157 1855 1225 1907; baseline 0 -13"><span class='ocrx_word' id='word_1_180' title='bbox 157 1855 222 1894; x_wconf 85' lang='lat' dir='ltr'>Sic</span> <span class='ocrx_word' id='word_1_181' title='bbox 254 1861 396 1906; x_wconf 84' lang='lat' dir='ltr'>aequet</span> <span class='ocrx_word' id='word_1_182' title='bbox 428 1861 492 1894; x_wconf 87' lang='lat' dir='ltr'>tua</span> <span class='ocrx_word' id='word_1_183' title='bbox 526 1861 645 1906; x_wconf 89' lang='lat' dir='ltr'>nupta</span> <span class='ocrx_word' id='word_1_184' title='bbox 677 1856 805 1893; x_wconf 84' lang='lat' dir='ltr'>virum</span> <span class='ocrx_word' id='word_1_185' title='bbox 837 1855 1009 1895; x_wconf 86' lang='lat' dir='ltr'>bonitate</span> <span class='ocrx_word' id='word_1_186' title='bbox 1041 1857 1225 1907; x_wconf 79' lang='lat' dir='ltr'>perenni,</span> 
     </span>
     <span class='ocr_line' id='line_1_30' title="bbox 155 1913 1001 1965; baseline 0 -13"><span class='ocrx_word' id='word_1_187' title='bbox 155 1913 305 1952; x_wconf 87' lang='lat' dir='ltr'>Incidat</span> <span class='ocrx_word' id='word_1_188' title='bbox 337 1920 375 1953; x_wconf 89' lang='lat' dir='ltr'>et</span> <span class='ocrx_word' id='word_1_189' title='bbox 406 1919 535 1953; x_wconf 84' lang='lat' dir='ltr'>vestro</span> <span class='ocrx_word' id='word_1_190' title='bbox 568 1926 655 1952; x_wconf 89' lang='lat' dir='ltr'>rara</span> <span class='ocrx_word' id='word_1_191' title='bbox 688 1913 860 1965; x_wconf 86' lang='lat' dir='ltr'>querella</span> <span class='ocrx_word' id='word_1_192' title='bbox 892 1919 1001 1952; x_wconf 82' lang='lat' dir='ltr'>toro.</span> 
     </span>
     <span class='ocr_line' id='line_1_31' title="bbox 156 1971 1143 2024; baseline -0.001 -13"><span class='ocrx_word' id='word_1_193' title='bbox 156 1971 296 2022; x_wconf 81' lang='lat' dir='ltr'>Diligat</span> <span class='ocrx_word' id='word_1_194' title='bbox 328 1978 367 2011; x_wconf 86' lang='lat' dir='ltr'>et</span> <span class='ocrx_word' id='word_1_195' title='bbox 399 1984 554 2024; x_wconf 85' lang='lat' dir='ltr'>semper</span> <span class='ocrx_word' id='word_1_196' title='bbox 587 1973 716 2011; x_wconf 90' lang='lat' dir='ltr'>socius</span> <span class='ocrx_word' id='word_1_197' title='bbox 750 1978 787 2011; x_wconf 92' lang='lat' dir='ltr'>te</span> <span class='ocrx_word' id='word_1_198' title='bbox 821 1973 1022 2023; x_wconf 87' lang='lat' dir='ltr'>sanguinis</span> <span class='ocrx_word' id='word_1_199' title='bbox 1054 1972 1143 2024; x_wconf 82' lang='lat' dir='ltr'>illo,</span> 
     </span>
     <span class='ocr_line' id='line_1_32' title="bbox 90 2029 1037 2081; baseline -0.001 -12"><span class='ocrx_word' id='word_1_200' title='bbox 90 2039 135 2069; x_wconf 88' lang='lat'>30</span> <span class='ocrx_word' id='word_1_201' title='bbox 158 2030 242 2076; x_wconf 85' lang='lat' dir='ltr'>Quo</span> <span class='ocrx_word' id='word_1_202' title='bbox 275 2032 363 2081; x_wconf 91' lang='lat' dir='ltr'>pius</span> <span class='ocrx_word' id='word_1_203' title='bbox 396 2032 536 2070; x_wconf 85' lang='lat' dir='ltr'>affectu</span> <span class='ocrx_word' id='word_1_204' title='bbox 570 2030 729 2070; x_wconf 86' lang='lat' dir='ltr'>Castora</span> <span class='ocrx_word' id='word_1_205' title='bbox 762 2031 882 2069; x_wconf 83' lang='lat' dir='ltr'>frater</span> <span class='ocrx_word' id='word_1_206' title='bbox 915 2029 1037 2069; x_wconf 80' lang='lat' dir='ltr'>amat!</span> 
     </span>
     <span class='ocr_line' id='line_1_33' title="bbox 158 2087 1230 2140; baseline -0.001 -13"><span class='ocrx_word' id='word_1_207' title='bbox 158 2089 222 2128; x_wconf 90' lang='lat' dir='ltr'>Sic</span> <span class='ocrx_word' id='word_1_208' title='bbox 255 2090 408 2128; x_wconf 90' lang='lat' dir='ltr'>iuvenis</span> <span class='ocrx_word' id='word_1_209' title='bbox 441 2090 656 2140; x_wconf 90' lang='lat' dir='ltr'>similisque</span> <span class='ocrx_word' id='word_1_210' title='bbox 690 2089 760 2128; x_wconf 90' lang='lat' dir='ltr'>tibi</span> <span class='ocrx_word' id='word_1_211' title='bbox 793 2091 843 2127; x_wconf 92' lang='lat' dir='ltr'>sit</span> <span class='ocrx_word' id='word_1_212' title='bbox 875 2095 1018 2140; x_wconf 86' lang='lat' dir='ltr'>natus,</span> <span class='ocrx_word' id='word_1_213' title='bbox 1052 2094 1090 2127; x_wconf 88' lang='lat' dir='ltr'>et</span> <span class='ocrx_word' id='word_1_214' title='bbox 1122 2087 1230 2127; x_wconf 90' lang='lat' dir='ltr'>illum</span> 
     </span>
     <span class='ocr_line' id='line_1_34' title="bbox 156 2146 1030 2199; baseline 0 -13"><span class='ocrx_word' id='word_1_215' title='bbox 156 2147 331 2186; x_wconf 84' lang='lat' dir='ltr'>Moribus</span> <span class='ocrx_word' id='word_1_216' title='bbox 363 2155 547 2199; x_wconf 87' lang='lat' dir='ltr'>agnoscat</span> <span class='ocrx_word' id='word_1_217' title='bbox 580 2147 744 2199; x_wconf 89' lang='lat' dir='ltr'>quilibet</span> <span class='ocrx_word' id='word_1_218' title='bbox 776 2159 861 2186; x_wconf 87' lang='lat' dir='ltr'>esse</span> <span class='ocrx_word' id='word_1_219' title='bbox 895 2146 1030 2186; x_wconf 75' lang='lat' dir='ltr'>tuum!</span> 
     </span>
     <span class='ocr_line' id='line_1_35' title="bbox 157 2205 1087 2257; baseline -0.001 -13"><span class='ocrx_word' id='word_1_220' title='bbox 157 2205 222 2244; x_wconf 86' lang='lat' dir='ltr'>Sic</span> <span class='ocrx_word' id='word_1_221' title='bbox 254 2206 368 2245; x_wconf 88' lang='lat' dir='ltr'>saciat</span> <span class='ocrx_word' id='word_1_222' title='bbox 401 2219 581 2246; x_wconf 85' lang='lat' dir='ltr'>socerum</span> <span class='ocrx_word' id='word_1_223' title='bbox 614 2206 724 2246; x_wconf 83' lang='lat' dir='ltr'>taeda</span> <span class='ocrx_word' id='word_1_224' title='bbox 757 2211 794 2244; x_wconf 90' lang='lat' dir='ltr'>te</span> <span class='ocrx_word' id='word_1_225' title='bbox 827 2210 916 2243; x_wconf 88' lang='lat' dir='ltr'>nata</span> <span class='ocrx_word' id='word_1_226' title='bbox 948 2205 1087 2257; x_wconf 86' lang='lat' dir='ltr'>iugali,</span> 
     </span>
     <span class='ocr_line' id='line_1_36' title="bbox 156 2263 1075 2305; baseline 0 -3"><span class='ocrx_word' id='word_1_227' title='bbox 156 2263 236 2304; x_wconf 90' lang='lat' dir='ltr'>Nec</span> <span class='ocrx_word' id='word_1_228' title='bbox 269 2265 424 2305; x_wconf 88' lang='lat' dir='ltr'>tardum</span> <span class='ocrx_word' id='word_1_229' title='bbox 456 2267 587 2304; x_wconf 90' lang='lat' dir='ltr'>iuveni</span> <span class='ocrx_word' id='word_1_230' title='bbox 620 2265 685 2303; x_wconf 89' lang='lat' dir='ltr'>det</span> <span class='ocrx_word' id='word_1_231' title='bbox 719 2263 788 2303; x_wconf 91' lang='lat' dir='ltr'>tibi</span> <span class='ocrx_word' id='word_1_232' title='bbox 820 2276 962 2302; x_wconf 91' lang='lat' dir='ltr'>nomen</span> <span class='ocrx_word' id='word_1_233' title='bbox 995 2263 1075 2302; x_wconf 80' lang='lat' dir='ltr'>avil</span> 
     </span>
    </p>
   </div>
  </div>
 </body>
</html>
