1570 2527
162 102 217 144 82
717 103 943 136 TRISTIUM

216 220 258 251 55
280 212 377 251 Cum
409 211 553 250 Priami
585 210 757 249 lacrimis
790 212 963 250 offensus
996 224 1075 251 non
1108 214 1159 252 sit
1189 213 1380 267 Achilles,

280 271 339 309 Tu
371 270 486 308 fletus
518 269 700 321 inhibeS,
733 269 868 308 durior
900 270 1041 322 hoste,
1074 269 1217 310 meos?

281 329 377 368 Cum
410 329 556 366 faceret
587 327 737 366 Nioben
770 327 903 366 orbam
935 328 1095 368 Latonia
1126 330 1280 383 proles,

279 387 364 425 Non
398 393 526 425 tamen
559 391 597 424 et
630 388 753 425 siccas
784 388 899 425 iussit
930 387 1074 426 habere
1106 400 1247 439 genas.

224 466 228 467 ν
280 445 349 483 Est
381 444 554 496 aliquid,
589 444 700 483 fatale
733 444 876 483 malum
908 457 979 496 per
1010 445 1128 484 verba
1160 446 1310 486 levare:

217 512 260 542 60
280 503 362 542 Hoc
395 502 599 554 querulam
630 503 810 541 Procnen
842 503 1119 554 Alcyonenque
1152 505 1266 543 facit.

280 561 362 600 Hoc
396 567 506 612 erat,
538 563 578 599 in
610 560 735 611 gelido
770 573 889 612 quare
921 561 1131 600 Poeantius
1164 567 1275 601 antro

280 620 381 659 Voce
415 619 594 670 fatigaret
625 618 783 657 Lemnia
817 632 906 658 saxa
939 632 1029 659 sua.

282 677 506 729 Strangulat
538 677 714 716 inclusus
747 677 856 716 dolor
889 684 1005 730 atque
1041 683 1243 718 exaestuat
1274 680 1403 732 intus,

281 737 442 788 Cogitur
475 742 514 775 et
545 737 647 774 vires
679 735 937 787 multiplicare
971 749 1084 776 suas.

217 803 260 835 65
281 796 336 834 Da
367 796 518 833 veniam
550 796 680 845 potius
699 826 710 846 ‚
743 795 802 832 vel
834 800 936 833 totos
969 795 1059 834 tolle
1092 795 1266 849 libellos,

283 854 324 892 Si
356 853 450 892 mihi
482 853 585 903 quod
618 852 807 904 prodest,
838 853 912 892 hoc
944 853 1045 905 tibi,
1078 853 1231 906 lector,
1263 853 1399 893 obest.

283 911 359 950 Sed
391 923 519 962 neque
552 910 691 949 obesse
723 917 881 963 potest,
914 911 982 950 ulli
1014 924 1086 950 nec
1119 913 1266 964 scripta
1298 913 1460 952 suerunt

282 970 423 1009 Nostra
455 971 530 1008 nisi
562 970 714 1008 auctori
745 971 965 1020 perniciosa
997 982 1091 1009 suo.

283 1026 346 1067 ‘At
377 1027 475 1066 mala
502 1025 631 1067 sunt.⁹
676 1028 821 1066 fateor.
868 1030 955 1079 quis
988 1034 1025 1067 te
1053 1028 1150 1068 mala
1177 1041 1332 1069 sumere
1367 1027 1502 1082 cogit?

221 1096 262 1126 70
284 1088 360 1126 Aut
392 1087 479 1138 quis
512 1086 720 1137 deceptum
752 1098 898 1137 ponere
932 1092 1086 1138 sumpta
1118 1085 1254 1126 vetat?

282 1145 369 1197 Ipse
409 1156 482 1183 nec
519 1144 593 1183 hoc
632 1144 802 1196 mand03
834 1144 931 1198 sed,
975 1151 1019 1184 ut
1056 1145 1119 1184 hic
1158 1146 1346 1199 deducta,
1385 1146 1436 1186 le-

766 1213 770 1218 ’
1011 1209 1174 1255 gantur:

283 1262 367 1300 Non
402 1267 494 1301 sunt
525 1261 587 1300 illa
621 1274 690 1300 suo
724 1261 950 1300 barbariora
981 1261 1089 1301 loco.

282 1320 362 1359 Nec
394 1333 455 1359 me
488 1320 609 1358 Roma
642 1322 723 1359 suis
756 1319 873 1358 debet
905 1320 1084 1359 conferre
1117 1322 1268 1372 poetis:

283 1379 389 1417 Inter
422 1378 672 1417 Sauromatas
704 1379 931 1428 ingeniosus
965 1391 1093 1417 eram.

222 1446 264 1476 75
286 1437 462 1487 Denique
495 1436 599 1475 nulla
632 1436 726 1475 mihi
759 1441 936 1487 captatur
968 1437 1089 1487 gloria
1121 1448 1298 1489 quaeque

284 1495 444 1546 Ingenio
477 1495 654 1534 stimulos
687 1494 855 1533 subdere
888 1495 986 1533 fama
1019 1495 1139 1534 solet.

285 1553 474 1593 Nolumus
507 1553 673 1592 assiduis
707 1555 877 1592 animum
910 1553 1112 1593 tabescere
1145 1555 1275 1607 curis,

286 1612 391 1658 Quae
425 1617 554 1650 tamen
586 1613 818 1662 inrumpunt
851 1624 1005 1662 quoque
1037 1618 1219 1651 vetantur
1251 1618 1367 1652 eunt.

286 1670 364 1709 Cur
403 1670 600 1721 scribam,
638 1670 783 1721 docui3
816 1682 886 1708 cur
918 1672 1069 1709 mittam
1088 1702 1099 1722 ‚
1138 1672 1323 1721 quaeritis
1345 1702 1356 1723 ,
1393 1668 1503 1710 isto?

221 1737 264 1768 80
285 1728 495 1768 Vobiscum
527 1729 642 1778 cupio
676 1727 850 1778 quolibet
882 1739 967 1766 esse
1000 1728 1139 1767 modo.

807 1855 865 1903 Π.

286 1960 437 2012 Ecquid
456 1991 467 2009 ,
499 1960 566 1999 ubi
599 1973 619 1999 e
651 1960 774 1999 Ponto
807 1972 904 1998 nova
936 1962 1042 1999 venit
1073 1961 1265 2014 epistula,
1296 1961 1439 2014 palles,

287 2020 337 2058 Et
367 2019 438 2058 tibi
471 2019 635 2058 sollicita
667 2018 829 2058 solvitur
861 2019 923 2057 illa
956 2017 1106 2058 manu?

287 2078 392 2117 Pone
425 2084 597 2130 metum,
631 2077 759 2129 vale03
793 2089 1037 2128 corpusque,
1071 2078 1173 2129 quod
1206 2084 1294 2117 ante
1327 2078 1503 2117 laborum

288 2136 487 2187 Impatiens
519 2137 632 2175 nobis
665 2136 953 2187 invalidumque
987 2137 1083 2188 suit,

249 2203 269 2233 5
293 2195 446 2233 Sufficit
465 2226 475 2246 ‚
507 2201 623 2245 atque
655 2197 739 2246 ipso
772 2200 950 2233 vexatum
983 2195 1159 2233 induruit
1190 2207 1287 2233 usu.

289 2254 346 2291 An
379 2255 499 2303 magis
533 2254 686 2291 infirmo
720 2266 795 2292 non
829 2259 936 2291 vacat
969 2265 1054 2291 esse
1087 2251 1214 2291 mihi?

288 2311 397 2350 Mens
419 2317 548 2350 tamen
569 2324 682 2363 aegra
708 2314 831 2364 iacet,
858 2324 929 2350 nec
950 2318 1124 2363 tempore
1152 2312 1291 2350 robora
1319 2313 1503 2363 sumpsit,
