1570 2527
190 113 275 154 142
727 113 791 145 Ex
815 112 973 146 PONTo

308 221 420 268 Quod
446 233 551 261 mare
570 252 582 273 ‚
613 221 717 271 quod
750 220 893 273 tellus,
926 232 1075 272 appone
1095 252 1106 274 ,
1139 220 1241 272 quod
1269 220 1408 260 educat
1433 232 1522 273 aer,

244 288 287 320 10
365 279 426 319 Nil
457 280 540 329 ibi,
573 279 676 330 quod
708 279 820 318 nobis
852 281 1078 331 esuriatur,
1111 281 1207 319 erit.

307 337 448 377 Nectar
480 343 519 376 et
551 336 812 390 ambrosiam,
842 337 976 377 latices
1009 338 1221 389 epulasque
1253 336 1439 389 deorum,

366 396 438 434 Det
468 395 565 434 mihi
596 396 764 434 formosa
797 407 891 435 nava
923 395 1083 435 Iuventa
1114 408 1255 448 manu,

307 454 392 493 Non
425 459 554 493 tamen
587 460 750 493 exacuet
781 460 941 505 torpens
973 466 1088 505 sapor
1119 454 1181 493 ille
1214 454 1405 506 palatum,

367 511 493 551 Stabit
524 517 563 551 et
593 513 633 551 in
666 512 864 551 stomacho
896 512 1049 563 pondus
1080 514 1206 551 inerte
1239 512 1327 551 diu.

245 578 286 610 15
307 570 411 609 Haec
444 582 514 621 ego
547 582 625 609 non
658 572 782 609 ausim
802 601 812 621 ‚
845 582 934 609 cum
966 572 1046 609 sint
1077 572 1277 609 verissima
1296 601 1307 622 ‚
1339 571 1460 609 cuivis

368 628 550 668 Scribere
569 660 580 680 ‚
613 628 769 667 delicias
802 641 851 667 ne
883 628 981 667 mala
1012 634 1146 667 nostra
1177 635 1310 667 vocet.

310 687 468 726 Scilicet
497 688 531 726 is
564 692 688 726 status
721 693 809 738 est,
841 698 886 725 ea
916 699 1050 725 rerum
1083 687 1206 726 forma
1237 698 1434 739 mearum,

367 745 523 784 Deliciis
556 746 673 784 etiam
704 747 826 796 possit
858 750 901 784 ut
933 757 1018 784 esse
1050 744 1182 784 locus!

309 803 478 842 Delicias
509 803 565 842 illi
596 815 736 854 precor
768 803 836 842 has
870 805 1097 854 contingere
1116 835 1127 856 ‚
1159 804 1282 854 siquis

245 870 288 901 20
368 861 424 901 Ne
455 861 551 900 mihi
583 863 633 901 sit
663 861 784 900 levior
817 861 992 900 Caesaris
1024 863 1110 913 ira,
1141 863 1274 901 timet.

308 919 344 959 Is
372 932 551 971 quoque,
584 921 651 970 qui
675 919 809 970 gracili
836 919 946 958 cibus
973 925 1032 958 est
1058 922 1097 959 in
1124 931 1312 971 corpore,
1339 931 1521 972 somnus,

367 978 453 1017 Non
485 978 552 1017 alit
583 978 711 1016 officio
744 990 886 1029 corpus
919 980 1031 1016 inane
1065 991 1158 1017 suo.

311 1035 386 1075 Sed
420 1036 533 1087 vigilo
553 1068 563 1087 ‚
596 1036 832 1087 vigilantque
865 1038 941 1075 mei
973 1038 1057 1075 sine
1089 1037 1164 1075 fine
1198 1036 1375 1089 dolores,
1467 1045 1523 1077 (³4)

370 1093 546 1140 Quorum
577 1096 778 1133 materiam
810 1094 874 1133 dat
905 1094 1014 1133 locus
1046 1096 1129 1146 ipse
1161 1094 1279 1133 mihi.

247 1160 290 1191 25
312 1152 381 1191 Vix
413 1154 532 1203 igitur
563 1154 690 1203 possis
722 1154 825 1191 visos
857 1164 1068 1203 agnoscere
1101 1153 1254 1204 vultus,

369 1210 532 1261 Quoque
564 1212 683 1262 ierit,
717 1222 880 1261 quaeras
899 1242 910 1262 ,
943 1213 1009 1262 qui
1041 1211 1114 1250 fuit
1145 1217 1233 1250 ante
1266 1211 1396 1250 color.

309 1268 455 1307 Parvus
487 1270 526 1307 in
560 1269 679 1308 exiles
712 1281 830 1308 sucus
863 1269 957 1307 mihi
989 1271 1167 1319 pervenit
1198 1275 1330 1322 artus,

368 1326 619 1378 Membraque
652 1333 744 1366 sunt
775 1339 863 1366 cera
895 1327 1094 1378 pallidiora
1126 1339 1244 1366 nova.

310 1384 395 1424 Non
428 1385 522 1424 haec
554 1385 748 1424 inmodico
781 1387 957 1424 contraxi
989 1386 1126 1424 damna
1159 1385 1306 1436 Lyaeo:

246 1452 289 1483 30
371 1443 455 1482 Scis
475 1474 486 1495 ,
518 1443 612 1482 mihi
644 1456 758 1494 quam
792 1444 895 1482 solae
927 1455 1049 1495 paene
1083 1443 1265 1483 bibantur
1296 1455 1440 1495 aquae.

309 1501 395 1540 Non
427 1502 553 1553 epulis
586 1514 757 1541 oneror:
799 1514 964 1553 quarum
997 1503 1030 1540 si
1062 1507 1196 1553 tangar
1228 1513 1382 1555 amore,

369 1559 440 1599 Est
471 1567 599 1599 tamen
631 1562 671 1599 in
704 1560 850 1599 Geticis
882 1561 992 1611 copia
1023 1560 1128 1599 nulla
1159 1560 1278 1599 locis.

311 1618 390 1657 Nec
423 1620 524 1657 vires
557 1619 691 1658 adimit
722 1618 884 1657 Veneris
916 1618 1099 1657 damnosa
1130 1619 1330 1669 voluptas:

368 1676 454 1715 Non
486 1676 585 1715 solet
615 1678 655 1715 in
688 1682 855 1716 maestos
887 1677 950 1716 illa
981 1679 1114 1716 venire
1147 1683 1277 1716 toros.

246 1742 290 1774 35
310 1734 421 1773 Unda
452 1734 641 1785 locusque
674 1741 817 1773 nocent
849 1741 888 1773 et
919 1747 1035 1773 causa
1066 1735 1255 1773 valentior
1286 1736 1394 1786 istis,

368 1794 550 1831 Anxietas
583 1794 729 1844 animi,
762 1804 859 1844 quae
891 1792 985 1830 mihi
1018 1804 1172 1843 semper
1203 1792 1334 1831 adest.

311 1850 418 1890 Hanc
450 1852 524 1889 nisi
556 1856 598 1890 tu
630 1852 776 1902 pariter
809 1850 923 1889 sImili
956 1863 1044 1888 cum
1076 1851 1195 1889 fratre
1227 1850 1399 1902 levares,

369 1908 439 1947 Vix
470 1921 581 1947 mens
613 1910 794 1947 tristitiae
827 1914 960 1947 nostra
992 1908 1147 1947 tulisset
1178 1921 1299 1948 onus.

311 1967 386 2006 Vos
419 1968 513 2006 estis
545 1968 668 2006 fracto
701 1967 815 2006 tellus
848 1979 924 2005 non
957 1966 1053 2006 dura
1085 1966 1267 2018 phaselo:

245 2034 291 2065 40
371 2025 573 2077 Quamque
606 2030 749 2077 negant
779 2025 919 2077 multi,
951 2037 1018 2063 vos
1050 2025 1145 2064 mihi
1177 2026 1287 2064 fertis
1318 2036 1454 2077 opem.

310 2084 425 2124 Ferte
445 2115 455 2135 ‚
487 2096 627 2135 precor
645 2115 657 2136 ‚
689 2095 843 2135 semper
861 2114 872 2135 ,
905 2085 994 2134 quia
1027 2095 1181 2134 semper
1207 2083 1406 2134 egebimus
1436 2083 1525 2135 illa,

370 2142 546 2181 Caesaris
577 2143 768 2181 offensum
801 2142 893 2180 dum
925 2142 1018 2180 mihi
1049 2153 1194 2180 numen
1226 2143 1322 2180 erit.

311 2200 387 2247 Qui
418 2202 598 2240 meritam
629 2200 741 2239 nobis
773 2201 949 2251 minuat,
982 2212 1060 2238 non
1091 2200 1198 2238 finiat
1228 2201 1348 2252 iram,

371 2258 609 2311 Suppliciter
640 2265 791 2298 vestros
824 2260 988 2309 quisque
1019 2263 1152 2309 rogate
1184 2257 1301 2296 deos.
