1570 2527
509 128 569 162 IV.
596 136 640 162 v1
662 130 792 162 l-V11
813 129 866 161 18.
1305 128 1358 168 73

135 236 358 284 Quamlibet
389 237 529 288 exiguo
562 236 727 275 solvitur
758 236 884 275 imbre
916 241 1058 276 vetus.

134 296 212 335 Nos
239 307 396 347 quoque
414 327 426 347 ,
459 307 558 346 quae
584 295 747 334 ferimus
767 326 777 346 ‚
810 295 971 334 tulimus
1002 296 1215 346 patientius
1248 300 1336 334 ante

136 354 258 400 Quam
293 353 390 392 mala
423 359 516 393 sunt
545 353 660 404 longa
693 352 950 404 multiplicata
982 353 1067 393 die.

137 413 292 451 Credite
312 443 323 465 ‚
356 412 523 464 defici03
555 417 771 462 nostroque
804 424 825 450 a
858 424 1023 463 corpore
1056 418 1245 463 quantum

70 480 113 510 40
135 473 345 523 Auguror,
379 471 572 510 accedunt
602 476 780 522 tempora
812 483 930 522 parva
963 471 1096 510 malls.

134 530 232 568 Nam
264 542 392 581 neque
426 536 518 568 sunt
550 531 680 582 vires,
719 541 791 568 nec
831 531 898 580 qui
931 529 1038 568 color
1069 541 1156 568 esse
1189 528 1360 569 solebat:

136 588 205 627 Vix
237 588 361 627 habeo
394 594 584 640 tenuem,
617 600 716 639 quae
750 593 855 639 tegat
886 600 1001 640 ossa,
1035 594 1188 627 cutem.

135 647 308 698 Corpore
342 646 409 686 sed
437 659 547 686 mens
581 652 641 685 est
675 658 791 697 aegro
824 648 946 697 magis
979 658 1117 699 aegra,
1149 646 1316 697 malique

135 705 178 744 ln
211 707 502 756 circumspectu
535 710 610 744 stat
643 707 725 743 sine
759 705 834 743 fine
868 707 953 744 sui.

72 772 115 802 45
137 763 254 802 Urbis
287 763 397 802 abest
429 764 577 815 facies,
610 763 781 814 absunt,
814 775 898 801 mea
930 776 1054 814 cura,
1087 763 1260 816 sodales,

136 821 215 874 Et,
247 834 322 873 qua
355 821 460 860 nulla
493 821 588 859 mihi
621 823 750 860 carior
769 852 780 872 ‚
812 833 912 859 uxor
945 821 1079 860 abest.

136 879 282 931 Vulgus
315 880 424 919 adest
457 880 684 931 Scythicum
722 879 957 930 bracataque
998 879 1114 918 turba
1152 879 1361 920 Getarum:

138 938 202 977 Sic
234 951 296 978 me
315 970 326 991 ‚
359 951 458 990 quae
491 939 602 978 video
635 951 713 977 non
745 938 965 991 videoque,
998 944 1177 977 movent.

137 997 220 1036 Una
251 1003 381 1037 tamen
415 1010 505 1049 spes
540 1003 628 1049 est,
661 1009 759 1048 quae
792 1009 853 1036 me
887 996 1036 1036 soletur
1068 998 1108 1036 in
1140 998 1248 1050 istis,

73 1064 116 1095 50
137 1055 241 1095 Haec
274 1057 357 1096 fore
390 1062 516 1096 morte
547 1068 634 1096 mea
666 1068 745 1095 non
777 1055 962 1095 diuturna
993 1055 1102 1095 mala.

638 1184 740 1232 VII.

138 1291 204 1329 Bis
235 1302 298 1329 me
330 1291 387 1329 sol
419 1290 512 1329 adiit
543 1290 693 1342 gelidae
725 1296 815 1342 post
846 1291 991 1342 frigora
1023 1290 1208 1343 brumae,

139 1349 283 1400 Bisque
316 1361 431 1388 suum
464 1355 566 1389 tacto
598 1349 711 1388 Pisce
744 1351 898 1401 peregit
928 1351 1026 1389 iter.

140 1409 332 1459 Tempore
365 1414 444 1447 tam
476 1408 590 1459 longo
624 1420 695 1447 cur
728 1420 806 1447 non
838 1415 904 1447 tua
936 1408 1095 1447 dextera
1128 1420 1265 1447 versus

142 1466 363 1513 Quamlibet
392 1469 433 1506 in
464 1478 611 1518 paucos
643 1467 816 1505 officiosa
849 1467 922 1505 fuit
942 1464 963 1505 ἶ)

101 1534 119 1563 5
142 1525 221 1564 Cur
255 1531 319 1564 tua
352 1527 518 1564 cessavit
549 1527 673 1576 pietas
693 1557 704 1577 ‚
737 1524 1001 1564 scribentibus
1034 1525 1133 1578 illis,

141 1584 316 1635 Exiguus
348 1583 461 1622 nobis
494 1596 584 1622 cum
617 1583 760 1635 quibus
793 1596 890 1623 usus
923 1582 1039 1623 erat?

142 1643 220 1682 Cur
239 1674 250 1695 ‚
283 1644 464 1693 quotiens
497 1642 611 1681 alicui
644 1642 801 1682 chartae
834 1655 903 1681 sua
935 1643 1088 1682 vincula
1120 1643 1295 1695 dempsi,

140 1701 248 1740 Illam
280 1703 433 1751 speravi
464 1713 608 1740 nomen
639 1701 783 1740 habere
816 1699 963 1740 tuum?

142 1760 187 1798 Di
219 1760 362 1799 faciant
380 1792 391 1812 ‚
423 1765 467 1799 ut
499 1771 614 1811 saepe
647 1765 713 1799 tua
745 1761 796 1799 sit
828 1760 994 1811 epistula
1027 1760 1161 1799 dextra

79 1827 121 1858 10
144 1818 326 1872 Scripta,
359 1819 427 1858 sed
460 1831 480 1857 e
513 1818 645 1857 multis
678 1818 829 1857 reddita
861 1818 966 1858 nulla
997 1818 1115 1858 mihi!

141 1877 252 1923 Quod
280 1889 443 1929 precor,
471 1889 557 1916 esse
584 1877 728 1928 liquet.
768 1877 925 1917 credam
948 1879 1058 1929 prius
1085 1890 1153 1917 ora
1178 1877 1364 1917 Medusae

142 1936 334 1987 Gorgonis
367 1937 570 1988 anguineis
602 1937 730 1975 cincta
762 1937 882 1975 fuisse
916 1939 1061 1988 comis,

142 1994 239 2033 Esse
272 2007 388 2033 canes
421 2000 534 2034 utero
567 1994 639 2033 sub
671 1996 861 2047 virginis,
894 2008 980 2034 esse
1013 1995 1280 2048 Chimaeram,

142 2054 173 2091 A
204 2059 317 2092 truce
350 2065 448 2105 quae
481 2053 645 2093 flammis
677 2059 833 2106 separet
864 2065 989 2105 angue
1021 2053 1144 2105 leam,

81 2120 120 2151 15
143 2111 505 2164 Quadrupedesque
536 2112 706 2152 hominis
739 2125 828 2151 cum
860 2118 1020 2163 pectore
1052 2118 1211 2163 pectora

800 2173 978 2220 iunctoS,

143 2228 501 2281 Tergeminumque
533 2231 663 2270 virum
694 2231 1034 2280 tergeminumque
1067 2241 1226 2282 canem,

144 2287 393 2340 Sphingaque
426 2294 465 2327 et
496 2288 686 2340 Harpyias
719 2288 1094 2340 serpentipedesque
1127 2288 1333 2340 Gigantes,

143 2345 493 2399 Centimanumque
526 2347 632 2399 Gyan
666 2347 982 2398 semibovemque
1014 2349 1162 2387 virum.
