1570 2527
670 107 716 140 11.
744 109 941 141 566—2634.
1391 107 1476 149 251

253 216 311 255 Ex
341 217 435 254 vitio
466 217 667 267 positum.
724 227 840 267 saepe
872 216 928 255 illi
959 216 1112 255 dixerat
1142 216 1253 256 Almo

312 270 459 327 ςΝῐηει,
492 280 582 313 tene
615 271 837 326 linguam‚’
871 287 943 314 nec
976 281 1105 314 tamen
1137 275 1201 314 illa
1233 281 1364 314 tenet.

254 333 361 379 Quae
394 333 510 372 simul
541 345 585 371 ac
618 335 746 384 tetigit
776 333 963 373 Iuturnae
996 340 1129 385 stagna
1163 336 1335 387 sororis,

313 388 491 443 ‘Effuge'
526 393 579 430 ait
611 388 736 443 ‘ripas
757 388 787 431 !'
822 392 924 431 dieta
956 394 1158 444 refertque
1190 393 1313 432 Iovis.

167 458 235 490 605
255 450 323 489 Illa
355 453 472 490 etiam
505 450 694 489 Iunonem
727 450 848 503 adiit,
881 452 1144 503 miserataque
1177 458 1342 505 nuptas,

313 505 455 548 ‘Naida
487 509 690 548 Iuturnam
722 511 780 548 vir
812 506 927 548 tuus'
960 512 1090 561 inquit
1123 507 1293 549 ‘amat.'

253 567 429 620 luppiter
462 570 677 620 intumuit,
710 581 864 620 quaque
898 576 957 608 est
990 582 1068 608 non
1101 582 1169 608 usa
1202 569 1403 621 modeste,

314 627 471 678 Eripuit
502 627 672 678 linguam
691 658 702 678 ,
735 627 1054 679 Mercuriumque
1086 634 1221 667 vocat:

256 682 360 726 ‘Duc
392 686 492 725 hanc
525 686 570 724 ad
604 698 767 738 manes3
800 686 910 725 locus
943 686 1006 726 ille
1040 686 1247 726 silentibus
1279 692 1420 738 aptus.

167 754 234 785 610
313 744 489 796 Nympha
510 777 520 796 ‚
553 745 621 783 sed
655 746 830 783 infernae
865 745 1032 797 nympha
1064 746 1216 798 paludis
1250 743 1373 786 erit.'

254 803 364 844 Iussa
395 803 494 842 Iovis
528 804 654 842 fiunt.
712 805 862 854 accepit
893 804 1007 843 lucus
1039 813 1202 844 euntes.

312 862 466 901 Dicitur
497 861 561 900 illa
593 862 685 900 duci
716 867 811 900 tunc
843 862 1038 913 placuisse
1071 863 1168 902 dec.

255 921 340 960 Vim
372 926 483 972 parat
514 920 601 973 hic,
634 920 740 959 voltu
773 932 844 971 pro
879 921 1008 960 verbis
1040 921 1103 960 illa
1134 927 1320 973 precatur
1340 955 1351 976 ,

312 979 363 1019 Et
395 980 542 1019 frustra
574 985 682 1018 muto
715 981 855 1018 nititur
887 993 954 1018 ore
987 980 1120 1032 loqui.

168 1047 234 1079 615
254 1039 395 1090 Fitque
428 1039 557 1090 gravis
576 1069 587 1091 ,
619 1040 875 1090 geminosque
907 1041 1038 1091 parit,
1071 1042 1138 1091 qui
1172 1042 1340 1092 compita

989 1104 1146 1138 servant

315 1155 365 1195 Et
396 1156 552 1208 vigilant
588 1162 721 1195 nostra
753 1169 909 1208 semper
940 1159 980 1196 in
1014 1157 1140 1209 urbe,
1173 1158 1315 1197 Lares.

719 1249 788 1290 22.
819 1247 898 1290 EO

255 1333 438 1372 Proxima
471 1334 627 1384 cognati
659 1332 792 1371 dixere
828 1333 991 1372 Caristia
1025 1335 1128 1386 cari,

315 1391 365 1430 Et
395 1393 502 1430 venit
533 1391 579 1430 ad
613 1393 741 1431 socios
773 1391 889 1432 turba
920 1394 1141 1444 propinqua
1173 1392 1291 1432 deos.

258 1450 418 1489 Scilicet
449 1462 469 1489 a
502 1450 663 1489 tumulis
697 1456 736 1489 et
768 1452 835 1502 qui
866 1452 1051 1503 periere,
1083 1453 1317 1503 propinquis

170 1517 237 1549 620
315 1509 502 1548 Protinus
535 1508 581 1547 ad
614 1511 721 1548 vivos
754 1521 821 1548 ora
854 1509 1003 1548 referre
1036 1511 1170 1562 iuvat,

257 1567 430 1619 Postque
464 1574 521 1607 tot
553 1569 717 1607 amissos
750 1568 940 1619 quidquid
973 1569 1020 1608 de
1054 1571 1242 1621 sanguine
1276 1574 1422 1618 restat,

315 1627 533 1679 Aspicere,
566 1633 605 1666 et
636 1629 792 1678 generis
824 1627 1074 1667 dinumerare
1106 1629 1274 1680 gradus.

256 1685 422 1725 Innocui
452 1687 638 1725 veniant.
694 1686 834 1738 procul
864 1686 985 1739 hinc,
1018 1687 1157 1738 procul
1188 1689 1333 1739 impius
1365 1693 1449 1727 esto

316 1744 454 1784 Frater
473 1777 484 1797 ,
516 1751 555 1784 et
586 1747 626 1783 in
657 1751 794 1797 partus
826 1752 951 1784 mater
983 1746 1123 1785 acerba
1156 1758 1276 1799 suos,

169 1811 236 1843 625
258 1802 330 1842 Cui
361 1809 473 1856 pater
505 1809 566 1843 est
597 1805 706 1843 vivax
726 1836 737 1857 ‚
770 1806 839 1856 qui
869 1807 1006 1844 matris
1039 1805 1182 1857 digerit
1214 1818 1365 1858 annos,

318 1862 425 1908 Quae
458 1865 603 1914 premit
634 1865 798 1903 invisam
831 1876 968 1903 socrus
1001 1866 1135 1916 iniqua
1166 1877 1334 1903 nurum.

256 1920 481 1961 Tantalidae
513 1923 655 1961 fratres
687 1921 844 1975 absint,
877 1928 916 1962 et
948 1923 1097 1962 Iasonis
1129 1936 1252 1976 uxor,

314 1979 365 2018 Et
397 1992 496 2031 quae
527 1981 711 2020 ruricolis
744 1983 892 2020 semina
923 1987 1026 2020 tosta
1058 1982 1188 2034 dedit,

257 2037 307 2077 Et
339 2051 451 2077 soror
484 2044 524 2078 et
553 2039 707 2091 Progne
728 2071 738 2091 ,
770 2039 1000 2091 Tereusque
1033 2040 1184 2080 duabus
1216 2042 1399 2094 iniquus,

168 2105 237 2138 630
316 2097 367 2136 Et
398 2099 637 2149 quicumque
671 2110 760 2137 suas
793 2111 864 2149 per
897 2099 1026 2138 scelus
1058 2105 1175 2151 auget
1206 2112 1325 2151 opes.

256 2156 323 2196 Dis
355 2158 512 2208 generis
545 2157 632 2197 date
666 2163 754 2196 tura
786 2157 879 2196 boni
899 2189 908 2197 .
965 2158 1183 2198 Concordia
1214 2159 1341 2198 fertur

315 2215 383 2254 Illa
414 2218 626 2268 praecipue
659 2218 764 2256 mitis
797 2217 932 2256 adesse
965 2217 1050 2257 die.

256 2273 306 2313 Et
336 2274 453 2314 libate
486 2275 635 2328 dapes,
668 2281 740 2328 ut,
772 2278 873 2327 grati
904 2277 1046 2328 pignus
1078 2276 1264 2330 honoris,

315 2333 472 2373 Nutriat
502 2335 697 2374 incinctos
729 2337 847 2374 missa
879 2335 1019 2387 patella
1050 2334 1193 2376 Lares.
