1570 2527
191 124 274 165 104
783 125 927 158 1131D1s

309 232 355 271 Di
389 233 556 284 melius3
593 244 761 283 quorum
792 232 905 283 longe
937 233 1033 272 mihi
1064 235 1255 273 maximus
1285 234 1349 274 ille
1381 241 1463 288 est,

368 291 444 337 Qui
475 296 628 329 nostras
660 292 796 342 inopes
828 290 953 330 noluit
984 303 1071 330 esse
1103 293 1205 331 vias.

244 356 287 388 25
309 349 407 388 Huic
440 351 559 400 igitur
592 350 750 388 meritas
782 355 910 400 grates
929 380 940 401 ‚
972 349 1209 401 ubicumque
1241 350 1395 403 licebit,

367 408 442 446 Pro
475 413 553 446 tam
585 412 787 446 mansueto
819 413 978 459 pectore
1012 420 1166 460 semper
1198 421 1327 460 agam.

308 466 448 504 Audiat
479 465 553 504 hoc
584 465 733 505 Pontus
755 497 763 504 .
802 466 917 505 faciet
949 478 1105 517 quoque
1138 467 1300 506 forsitan
1331 467 1458 520 idem,

369 524 492 562 Terra
523 525 573 562 sit
604 530 648 563 ut
678 525 839 575 propior
870 525 1110 563 testificanda
1143 524 1259 564 mihi.

309 583 356 621 At
388 582 457 620 tibi
476 614 486 634 ‚
519 582 675 621 calcasti
708 584 775 633 qui
807 594 868 621 me
888 614 899 634 ,
930 582 1095 621 violente
1116 613 1126 631 ,
1158 584 1379 637 iacentem,

245 649 288 680 30
370 641 453 686 Qua
485 640 576 680 licet
608 640 671 679 ei!
716 642 888 692 misero,
921 640 1075 680 debitus
1107 640 1231 680 hostis
1263 654 1353 681 ero.

309 699 468 738 Desinet
501 711 585 737 esse
618 700 728 750 prius
761 700 980 738 contrarius
1012 698 1168 750 ignibus
1200 711 1336 752 umor,

366 757 580 808 Iunctaque
614 769 703 796 cum
734 757 825 796 luna
856 757 1001 796 lumina
1033 757 1125 796 solis
1158 764 1295 810 erunt3

309 816 482 866 Parsque
515 816 649 854 eadem
682 815 778 854 caeli
808 815 998 866 zephyros
1031 817 1182 854 emittet
1213 822 1252 855 et
1283 827 1424 868 eurOS,

368 873 416 912 Et
449 874 604 925 tepidus
636 873 762 924 gelido
795 873 902 912 ssabit
933 873 979 912 ab
1013 886 1081 912 axe
1115 879 1254 926 notus3

245 940 288 971 35
309 932 358 971 Et
390 944 487 970 nova
518 932 691 971 fraterno
724 932 854 970 veniet
886 932 1093 970 concordia
1125 932 1255 983 fumo,

371 990 494 1036 Quem
527 996 639 1029 vetus
671 1002 833 1029 accensa
867 995 1020 1041 separat
1050 992 1108 1029 ira
1139 1002 1256 1042 pyra3

310 1048 358 1087 Et
390 1061 457 1087 ver
489 1054 704 1100 autumno,
737 1048 898 1087 brumae
931 1047 1160 1087 miscebitur
1192 1053 1340 1100 aestas,

369 1107 495 1157 Atque
528 1107 662 1146 eadem
694 1108 802 1157 regio
835 1119 973 1158 vesper
1006 1112 1045 1145 et
1076 1112 1186 1145 ortus
1218 1108 1316 1145 erit:

310 1165 433 1211 Quam
474 1164 569 1204 mihi
610 1166 660 1203 sit
703 1170 833 1204 tecum
875 1166 1037 1217 positis,
1075 1177 1172 1216 quae
1215 1165 1478 1217 sumpsimus,

1037 1225 1155 1261 armis

244 1290 288 1321 40
369 1281 527 1334 Gratia,
560 1283 776 1320 commissis
795 1313 806 1332 ‚
838 1281 1014 1332 improbe
1034 1312 1044 1332 ,
1076 1286 1190 1332 rupta
1221 1283 1322 1320 tuis.

244 1348 287 1379 43
308 1340 387 1379 Pax
420 1341 495 1378 erit
525 1340 620 1378 haec
653 1339 788 1391 nobis,
822 1339 945 1378 donec
976 1339 1071 1378 mihi
1102 1341 1179 1378 vita
1209 1339 1404 1392 manebit,
1472 1341 1509 1374 (3)

369 1398 466 1437 Cum
497 1409 640 1448 pecore
671 1398 826 1436 infirmo
860 1409 958 1448 quae
992 1397 1090 1436 solet
1121 1409 1207 1436 esse
1239 1397 1362 1449 lupis.

246 1464 290 1496 45
311 1456 440 1495 Prima
474 1455 631 1507 quidem
664 1462 802 1507 coepto
836 1457 1074 1494 committam
1105 1455 1251 1507 proelia
1283 1467 1422 1508 versu,

370 1514 455 1553 Non
489 1514 638 1553 soleant
670 1515 846 1565 quamvis
878 1514 951 1553 hoc
982 1514 1081 1565 pede
1113 1514 1213 1552 bella
1245 1515 1352 1564 geri:

309 1573 436 1624 thue
468 1574 566 1624 petit
596 1574 721 1624 primo
754 1573 913 1624 plenum
944 1572 1121 1611 flaventis
1151 1572 1319 1611 harenae

370 1631 551 1669 Nondum
585 1631 736 1669 calfacti
768 1631 900 1669 militis
933 1630 1042 1670 hasta
1074 1630 1225 1682 solum,

314 1689 378 1728 Sic
411 1701 482 1739 ego
515 1695 552 1727 te
586 1689 758 1727 nondum
791 1690 895 1727 ferro
928 1688 1126 1727 iaculabor
1158 1694 1271 1727 acuto
1283 1719 1295 1739 ‚

248 1756 290 1787 50
371 1747 556 1785 Protinus
588 1748 756 1785 invisum
789 1758 861 1785 nec
892 1752 999 1798 petet
1030 1747 1139 1785 hasta
1173 1751 1312 1797 caput;

313 1804 360 1844 Et
393 1816 520 1855 neque
553 1816 698 1843 nomen
729 1806 768 1843 in
800 1804 874 1843 hoc
893 1836 904 1856 ‚
936 1816 1008 1843 nec
1040 1804 1165 1843 dicam
1197 1805 1297 1843 facta
1322 1803 1475 1856 libello,

372 1863 506 1914 Teque
538 1862 676 1915 brevi,
709 1864 775 1914 qui
808 1864 861 1901 sis
879 1894 890 1914 ‚
923 1863 1167 1902 dissimulare
1200 1864 1345 1902 sinam.

312 1921 520 1960 Postmodo
539 1952 550 1973 ,
583 1923 616 1960 si
646 1933 786 1972 perges
805 1952 816 1973 ,
846 1922 886 1959 in
918 1926 956 1959 te
989 1921 1083 1960 mibi
1115 1920 1214 1960 liber
1244 1919 1396 1959 iambus

370 1980 508 2018 Tincta
539 1979 756 2030 Lycambeo
790 1980 976 2030 sanguine
1009 1979 1084 2018 tela
1116 1979 1246 2018 dabit.

251 2047 294 2078 55
314 2038 426 2077 Nunc
460 2050 535 2089 quo
568 2037 764 2076 Battiades
796 2039 997 2076 inimicum
1029 2037 1190 2076 devovet
1221 2037 1329 2089 ibin,

373 2096 454 2135 Hoc
487 2108 558 2146 ego
591 2096 759 2135 devoveo
791 2101 907 2147 teque
940 2102 1107 2147 tuosque
1139 2095 1277 2134 modo,

313 2154 441 2205 thue
472 2154 536 2193 ille
559 2185 569 2205 ,
601 2154 777 2193 historiis
808 2154 998 2192 involvam
1032 2155 1202 2193 carmina
1234 2154 1384 2192 caecis:

373 2213 457 2251 Non
491 2212 634 2251 soleam
668 2214 841 2263 quamvis
872 2212 945 2251 hoc
978 2224 1101 2262 genus
1132 2213 1216 2262 ipse
1248 2212 1382 2262 sequi.

314 2270 423 2309 Illius
457 2270 637 2322 ambages
669 2272 842 2309 imitatus
874 2272 915 2309 in
945 2269 1052 2309 Ibide
1085 2270 1191 2309 dicar

250 2338 293 2369 60
374 2328 528 2368 Oblitus
561 2330 680 2368 moris
712 2329 924 2380 iudiciique
956 2330 1055 2368 mei.
