1570 2527
563 106 623 137 1v.
650 106 718 138 906
728 105 808 138 -ν,
839 106 891 138 17.
1319 101 1402 142 311

243 248 308 289 26.
344 246 422 288 DF
485 247 552 287 27.
586 244 664 287 EC
727 246 794 287 28.
826 244 860 286 F
887 242 946 286 Ν)
966 256 1245 287 LVD-FLOR

372 306 438 347 29.
471 304 548 346 GC
570 316 700 346 LVDI
764 305 830 345 30.
865 302 946 345 HC
967 315 1098 345 LVDI

185 391 281 431 Cum
314 390 477 441 Phrygis
509 389 687 428 Assaraci
719 388 901 427 Tithonia
934 389 1053 426 fratre
1087 388 1223 427 relicto

246 448 413 488 Sustulit
443 450 621 487 inmenso
656 454 714 485 ter
747 447 859 485 iubar
892 446 987 485 orbe
1021 458 1158 498 suum,

97 517 165 548 945
186 508 287 547 Mille
320 509 425 546 venit
458 508 574 545 variis
607 506 748 545 florum
781 506 851 544 dea
885 518 982 544 nexa
1015 508 1195 557 coronis3

247 567 393 605 Scaena
426 568 502 605 ioci
534 577 684 604 morem
716 564 911 603 liberioris
944 564 1082 603 habet.

188 625 277 664 Exit
308 632 347 664 et
378 627 418 664 in
450 625 567 663 Maias
601 636 755 663 sacrum
789 623 939 662 Florale
974 622 1188 675 Kalendas3

246 683 357 723 Tunc
389 689 592 735 repetam,
627 695 730 722 nunc
764 695 825 721 me
858 682 1044 733 grandius
1076 688 1191 733 urget
1223 693 1344 732 opus.

188 744 307 782 Auser
340 742 454 782 Vesta
486 741 617 781 diem!
664 743 816 792 cognati
850 741 964 780 Vesta
996 747 1155 792 recepta
1187 747 1246 779 est

99 810 168 842 950
250 801 429 840 Limine.
486 803 541 840 sic
574 802 668 840 iusti
701 802 940 839 constituere
973 806 1128 851 patres.

187 860 370 899 Phoebus
402 859 520 899 habet
550 865 725 910 partem:
770 858 909 897 Vestae
942 871 1032 910 pars
1065 858 1185 897 altera
1217 859 1358 897 cessit:

249 918 360 964 Quod
394 924 575 969 superest
606 917 712 969 illis,
746 919 886 956 tertius
919 919 1001 968 ipse
1035 923 1164 955 tenet.

190 976 297 1016 State
330 976 524 1016 Palatinae
558 976 691 1015 laurus
712 1007 722 1027 ‚
754 982 1033 1027 praetextaque
1068 988 1217 1026 quercu

249 1036 334 1075 Stet
367 1036 534 1075 domus:
580 1041 761 1074 aeternos
795 1041 874 1074 tres
907 1034 1024 1073 habet
1055 1046 1132 1074 una
1164 1034 1280 1072 deos.

497 1206 680 1259 LIBER
719 1205 1005 1261 QUINTUS.

191 1329 417 1381 Quaeritis,
449 1327 553 1367 unde
586 1334 720 1379 putem
753 1327 851 1366 Maio
886 1327 972 1366 data
1005 1329 1161 1367 nomina
1194 1325 1356 1367 mensi?

250 1388 334 1427 Non
367 1389 460 1427 satis
494 1393 553 1426 est
585 1386 733 1437 liquido
767 1388 921 1437 cognita
953 1398 1069 1425 causa
1102 1387 1219 1427 mihi.

192 1447 240 1486 Ut
272 1453 348 1486 stat
381 1452 419 1485 et
450 1447 655 1497 incertus,
695 1457 770 1496 qua
804 1447 853 1484 sit
886 1445 989 1497 sibi,
1029 1447 1183 1497 nescit,
1217 1445 1417 1497 eundum,

250 1505 346 1545 Cum
379 1505 483 1544 videt
515 1517 561 1543 ex
595 1506 699 1543 omni
732 1510 841 1556 parte
874 1506 997 1543 viator
1030 1506 1128 1544 iter:

150 1574 170 1606 5
193 1564 256 1604 Sic
276 1598 286 1617 ,
319 1566 409 1616 quia
441 1576 556 1616 posse
590 1563 704 1602 datur
737 1563 910 1602 diversas
943 1562 1108 1602 reddere
1143 1576 1302 1615 causaS,

251 1623 334 1669 Qua
368 1624 500 1675 ferar,
532 1624 669 1673 ignoro
689 1654 699 1674 ,
732 1624 921 1673 copiaque
954 1624 1037 1673 ipsa
1070 1629 1207 1662 nocet.

192 1682 345 1733 Dicite,
379 1694 477 1733 quae
511 1682 638 1720 fontes
670 1681 933 1732 Aganippidos
967 1681 1259 1734 Hippocrenes,

252 1741 368 1780 Grata
400 1740 575 1779 Medusei‘
608 1741 715 1791 signa
750 1742 891 1778 tenetis
924 1739 1037 1791 equi!

193 1799 421 1838 Dissensere
455 1799 578 1838 deae.
637 1811 803 1850 quarum
836 1798 1086 1850 Polyhymnia
1120 1800 1249 1850 coepit

130 1867 172 1899 10
253 1858 410 1910 Prima3
457 1857 573 1896 silent
606 1857 700 1896 aliae
720 1889 730 1909 ,
763 1857 943 1909 dictaque
978 1864 1108 1896 mente
1141 1864 1300 1896 notant.

192 1915 308 1956 ‘Post
340 1917 457 1955 chaos
490 1924 534 1955 ut
566 1918 734 1968 primum
768 1917 856 1955 data
895 1924 986 1955 sunt
1016 1918 1092 1955 tria
1125 1928 1288 1967 corpora

924 1974 1093 2026 mundo,

252 2035 374 2085 Inque
407 2045 526 2072 novas
560 2034 712 2084 species
745 2045 858 2072 omne
891 2035 1055 2072 recessit
1089 2046 1210 2085 opUS‚

194 2093 372 2132 Pondere
405 2098 510 2131 terra
543 2104 613 2131 suo
648 2091 825 2131 subsedit
857 2099 895 2130 et
927 2104 1095 2143 aequora
1129 2093 1269 2131 traxit:

254 2153 301 2191 At
333 2151 482 2190 caelum
517 2151 652 2190 levitas
684 2152 723 2189 in
756 2150 839 2189 loca
873 2163 1022 2189 summa
1056 2151 1166 2203 tulit;

133 2219 174 2250 15
197 2210 262 2249 Sol
296 2222 452 2262 quoque
486 2222 575 2249 cum
608 2209 730 2248 stellis
763 2209 867 2248 nulla
900 2211 1087 2261 gravitate
1120 2215 1299 2249 retentus

253 2269 302 2308 Et
333 2281 400 2307 vos
433 2269 608 2308 Lunares
641 2269 832 2307 exiluistis
865 2270 978 2319 equi.

195 2328 271 2367 Sed
304 2340 430 2379 neque
464 2328 586 2367 Terra
618 2327 684 2366 diu
717 2327 859 2379 Caelo,
893 2339 963 2366 nec
998 2334 1128 2366 cetera
1161 2327 1318 2366 Phoebo
