1570 2527
186 96 270 137 268
727 94 983 127 FASTORUM

304 203 448 243 Adnuit
479 204 635 254 oranti,
668 202 735 240 sed
768 214 903 241 verum
935 201 1093 253 ambage
1125 208 1273 242 remota

364 261 548 312 Abdidit,
582 266 621 299 et
652 260 769 299 dubio
801 262 943 299 terruit
975 273 1041 299 ore
1073 262 1222 300 virum.

306 316 454 358 ‘Caede
487 315 624 369 caput'
657 318 782 357 dixit:
814 320 875 357 cui
909 331 978 358 rex
1011 316 1300 371 eparebimuS,'
1332 320 1460 371 inquit

217 386 283 417 340
363 377 566 415 Caedenda
598 382 656 416 est
687 376 810 416 hortis
843 383 954 416 eruta
986 389 1079 428 cepa
1113 374 1253 416 meisz'

304 435 461 474 Addidit
492 435 555 473 hic
588 432 804 486 ‘hominis,
813 431 825 449 '
859 431 1074 473 esummos'
1107 437 1159 473 ait
1195 434 1259 474 ille
1292 432 1517 508 :capillosf

364 493 541 533 Postulat
572 493 635 532 hic
667 494 862 545 animam3
895 494 958 531 cui
988 489 1157 531 Numa
1166 490 1305 544 piscis'
1339 496 1412 533 ait.

306 551 435 603 Risit,
467 557 507 590 et
538 548 641 589 ‘his'
674 552 802 602 inquit
834 548 970 590 ‘facito
1002 563 1087 589 mea
1119 551 1195 590 tela
1225 563 1437 604 pr‚ocures

367 609 397 648 Ο
425 583 488 648 'tir
520 609 725 660 conloquio
759 621 835 647 non
867 609 1054 660 abigende
1088 609 1225 648 deum

218 676 284 707 345
306 668 381 707 Sed
415 667 484 706 tibi
502 699 513 719 ‚
545 667 753 719 protulerit
784 679 873 706 cum
904 673 1029 706 totum
1062 669 1255 706 crastinus
1287 667 1421 707 orbem

365 726 582 777 Cynthius,
613 727 768 776 imperii
799 727 961 777 pignora
993 731 1099 764 certa
1131 723 1273 764 dabo.'

305 784 437 835 Dixit,
470 790 509 823 et
540 785 690 835 ingenti
722 785 872 822 tonitru
905 796 1023 835 super
1055 784 1211 823 aethera
1243 790 1390 823 motum

363 842 505 881 Fertur
524 873 534 893 ,
566 842 791 881 adorantem
823 842 1077 892 destituitque
1108 842 1296 881 Numam.

306 900 372 939 ille
405 900 507 939 redit
538 900 661 939 laetus
681 932 691 952 ,
723 906 987 950 memoratque
1021 899 1239 945 Quiritibus
1270 906 1376 940 acta.

220 967 287 998 350
366 959 491 997 Tarda
524 960 628 997 venit
660 959 773 997 dictis
805 957 1052 1009 difficilisque
1084 958 1202 997 fides.

308 1014 371 1055 ‘At
403 1022 509 1056 certe
542 1017 748 1055 credemur
767 1013 798 1068 ‚⁹
831 1018 883 1055 ait
915 1013 970 1055 ‘si
1002 1015 1118 1054 verba
1151 1022 1338 1067 sequetur

366 1074 532 1114 Exitus.
590 1087 637 1113 en
670 1074 758 1113 audi
790 1076 986 1125 crastina,
1020 1076 1196 1124 quisquis
1228 1074 1343 1113 ades.

306 1133 521 1172 Protulerit
552 1134 669 1171 terris
702 1144 791 1171 cum
823 1137 948 1171 totum
981 1132 1168 1183 Cynthius
1200 1131 1358 1184 orbem,

364 1190 538 1242 Iuppiter
569 1192 723 1241 imperii
754 1192 916 1241 pignora
949 1196 1055 1229 certa
1087 1187 1236 1229 dabit?

219 1257 286 1288 355
308 1249 522 1288 Discedunt
552 1248 687 1299 dubii,
719 1250 988 1299 promissaque
1021 1248 1128 1287 tarda
1159 1248 1363 1300 videntur,

365 1307 643 1358 Dependetque
675 1307 770 1345 fides
802 1319 822 1344 3
853 1308 1031 1345 veniente
1064 1306 1148 1345 die.

308 1365 434 1404 Mollis
465 1371 549 1404 erat
579 1365 694 1403 tellus
726 1370 853 1403 rorata
885 1377 996 1403 mane
1028 1366 1192 1416 pruina:

366 1424 464 1462 Ante
498 1425 559 1462 sui
590 1423 757 1474 populus
788 1423 921 1462 limina
952 1424 1055 1473 regis
1088 1422 1217 1462 adest.

306 1481 470 1533 Prodit,
502 1487 541 1520 et
572 1483 610 1519 in
643 1481 738 1519 solio
772 1481 922 1520 medius
955 1481 1131 1519 consedit
1162 1492 1327 1519 acerno.

222 1548 290 1580 360
370 1540 569 1578 Innumeri
601 1541 703 1578 circa
735 1545 916 1590 stantque
949 1539 1141 1590 silentque
1173 1540 1266 1577 viri.

309 1597 429 1638 Ortus
462 1604 545 1636 erat
576 1609 728 1636 summo
760 1597 1027 1636 tantummodo
1059 1599 1232 1649 margine
1263 1596 1466 1637 Phoebus:

367 1656 562 1695 Sollicitae
594 1661 744 1694 mentes
776 1668 922 1707 speque
954 1661 1139 1706 metuque
1170 1661 1331 1707 pavent.

309 1713 521 1765 Constitit,
553 1720 668 1764 atque
701 1719 817 1764 caput
848 1715 959 1752 niveo
992 1713 1139 1752 velatus
1171 1714 1314 1752 amictu

366 1771 445 1810 Iam
476 1771 575 1810 bene
608 1771 667 1809 dis
699 1778 810 1809 notas
842 1771 1001 1809 sustulit
1031 1771 1094 1809 ille
1126 1782 1287 1822 manus,

221 1837 288 1870 365
308 1830 434 1881 Atque
466 1831 518 1868 ita
553 1826 729 1880 ‘tempus
761 1829 870 1868 adest
900 1830 1082 1880 promissi
1113 1824 1331 1879 muneris‚'
1364 1829 1490 1880 inquit

368 1885 604 1926 ‘Pollicitam
636 1888 748 1926 dictis
768 1918 778 1938 ‚
809 1886 983 1938 Iuppiter
1002 1918 1012 1938 ‚
1045 1886 1141 1925 adde
1173 1883 1330 1925 fidem.'

310 1946 408 1985 Dum
440 1945 612 1997 loquitur
631 1976 642 1997 ,
673 1951 798 1984 totum
829 1947 905 1983 iam
937 1945 993 1983 sol
1026 1950 1220 1983 emoverat
1251 1944 1408 1996 orbem,

368 2004 417 2043 Et
448 2005 573 2054 gravis
604 2003 777 2042 aetherio
809 2005 914 2042 venit
945 2003 991 2042 ab
1023 2015 1092 2042 axe
1124 2003 1279 2054 fragor.

309 2063 385 2101 Ter
417 2064 545 2100 tonuit
577 2063 658 2100 sine
692 2061 794 2100 nube
827 2061 923 2100 deus
943 2093 953 2113 ‚
986 2063 1058 2100 tria
1091 2060 1243 2112 fulgura
1274 2061 1401 2099 misit.

221 2129 287 2160 370
366 2120 521 2159 Credite
554 2120 726 2159 dicenti:
771 2121 895 2171 mira,
929 2119 994 2158 sed
1027 2124 1139 2170 acta,
1171 2119 1331 2169 loquor:

308 2179 338 2216 A
370 2179 494 2217 media
527 2178 676 2217 caelum
708 2180 864 2229 regione
898 2177 1099 2216 dehiscere
1131 2178 1281 2228 coepit,
1311 2198 1358 2203 —

369 2236 607 2276 Summisere
639 2236 772 2275 oculos
805 2248 893 2274 cum
925 2235 1022 2274 duce
1055 2234 1168 2273 turba
1200 2247 1270 2273 suo
1301 2257 1346 2262 -

310 2293 409 2333 Ecce
441 2295 515 2333 levi
547 2300 701 2334 scutum
733 2300 929 2333 versatum
960 2293 1099 2332 leniter
1131 2304 1223 2331 aura
