1570 2527
153 115 237 156 248
694 116 946 148 PASTORUM

329 224 377 264 Et
408 226 534 276 gravis
568 224 701 263 effusis
734 224 878 263 decidit
909 222 1034 262 imber
1066 224 1201 275 aquis.

181 291 247 322 495
269 283 368 321 Hinc
400 288 536 334 tonat,
578 282 669 320 hinc
702 283 831 320 missis
864 282 1109 333 abrumpitur
1140 280 1296 332 ignibus
1328 281 1483 321 aether.

328 341 390 379 Fit
421 341 533 393 fuga,
566 353 633 379 rex
666 342 801 391 patriis
834 346 937 379 astra
968 339 1125 391 petebat
1157 342 1290 391 equis.

268 399 416 438 Luctus
450 405 560 449 erat,
593 398 787 449 falsaeque
820 404 951 450 patres
983 400 1022 437 in
1055 400 1216 437 crimine
1249 398 1401 438 caedis:

328 457 604 508 Haesissetque
637 458 774 495 animis
807 457 968 495 forsitan
1001 455 1064 494 illa
1097 456 1214 495 fides:

272 515 346 554 Sed
379 515 572 554 Proculus
605 515 734 565 Longa
768 514 944 553 veniebat
975 514 1095 553 lulius
1126 513 1245 566 Alba,

182 583 248 614 500
328 574 516 623 Lunaque
549 573 749 624 fulgebat,
782 585 854 612 uec
886 574 980 611 facis
1012 585 1107 611 usus
1140 578 1244 624 erat,

269 633 365 671 Cum
398 633 527 671 subito
560 638 668 670 motu
701 643 836 682 saepes
868 637 1065 670 tremuere
1099 632 1301 669 sinistrae:
1334 652 1377 658 -

327 691 493 729 Rettulit
523 690 587 729 ille
619 691 792 741 gradus,
824 690 1142 740 horrueruntque
1175 701 1331 728 comae:
1363 710 1406 716 —

269 749 438 789 Pulcher
471 755 510 788 et
540 749 709 787 humano
743 750 864 787 maior
896 748 1107 798 trabeaque
1140 747 1305 786 decorus

327 807 516 847 Romulus
547 809 586 846 in
621 807 745 846 media
778 809 882 846 visus
915 807 1049 845 adesse
1082 808 1142 844 via

181 873 247 905 505
268 866 317 905 Et
349 867 494 904 dixisse
527 866 642 904 simul
675 863 858 916 ‘prohibe
892 864 1025 916 lugere
1059 864 1254 916 Quirites,

327 925 406 963 Nec
438 924 583 963 violent
615 924 785 962 lacrimis
817 925 975 962 numina
1008 928 1140 961 nostra
1172 924 1276 961 suis.

269 983 373 1022 Tura
405 983 531 1021 serant
549 1015 559 1034 ,
591 982 822 1032 placentque
848 994 990 1020 novum
1017 983 1078 1032 pia
1110 980 1224 1019 turba
1251 981 1482 1031 Quirinum,

327 1041 376 1080 Et
406 1043 550 1092 patrias
583 1048 686 1079 artes
719 1041 971 1090 militiamque
1004 1035 1178 1077 colant.'

269 1100 416 1150 Iussit,
449 1106 488 1138 et
521 1101 559 1137 in
593 1106 731 1137 tenues
764 1098 886 1136 oculis
919 1099 1074 1136 evanuit
1106 1108 1243 1136 auras.

182 1166 248 1197 510
329 1158 524 1197 Convocat
555 1157 616 1195 hic
649 1157 812 1208 populos
832 1188 842 1208 ,
874 1158 1056 1207 iussaque
1090 1155 1206 1194 verba
1237 1156 1383 1194 refert.

268 1215 427 1267 Templa
461 1216 532 1253 deo
563 1216 682 1254 fiunt.
739 1214 847 1253 collis
880 1227 1034 1266 quoque
1068 1214 1195 1253 dictus
1227 1213 1275 1252 ab
1307 1213 1371 1252 illo
1404 1218 1483 1266 est,

327 1274 376 1312 Et
408 1274 585 1312 referunt
618 1275 716 1312 certi
749 1285 856 1311 sacra
888 1279 1050 1324 paterna
1082 1269 1187 1311 dses.

269 1333 352 1371 Lux
386 1345 541 1383 quoque
575 1344 645 1370 cur
678 1332 811 1370 eadem
845 1331 1069 1384 Stultorum⁸
1093 1332 1191 1369 festa
1223 1335 1406 1381 vocetur,

328 1391 499 1441 Accipe.
555 1402 671 1441 parva
705 1390 860 1440 quidem
893 1401 1037 1441 causa,
1069 1389 1136 1427 sed
1169 1394 1257 1440 apta
1289 1388 1446 1428 subest.

182 1457 247 1488 515
268 1449 353 1488 Non
386 1449 522 1487 habuit
553 1449 688 1487 doctos
720 1448 835 1487 tellus
867 1449 1025 1498 antiqua
1058 1447 1238 1486 colonos:

328 1507 542 1546 Lassahant
573 1507 692 1558 agiles
725 1518 861 1557 aspera
893 1506 991 1545 bella
1024 1507 1151 1544 viros.

268 1566 362 1605 Plus
395 1571 478 1604 erat
508 1567 548 1604 in
580 1566 705 1616 gladio
725 1597 735 1617 ,
768 1577 881 1615 quam
915 1577 1034 1603 curvo
1066 1564 1190 1603 laudis
1222 1568 1374 1603 aratro:

328 1624 536 1675 Neglectus
568 1624 723 1662 domino
756 1635 878 1674 pauca
910 1623 1059 1661 ferebat
1090 1634 1203 1673 ager.

270 1682 388 1721 Farra
422 1688 550 1721 tamen
582 1689 734 1721 veteres
767 1681 986 1732 iaciebant,
1018 1682 1120 1719 sarra
1151 1680 1373 1732 metebant,

183 1749 249 1780 520
329 1741 524 1779 Primitias
557 1740 692 1778 Cereri
723 1741 824 1778 sarra
857 1745 1006 1778 resecta
1039 1739 1202 1777 dabant.

269 1799 413 1838 Usibus
446 1799 631 1837 admoniti
663 1798 826 1836 flammis
859 1797 1042 1835 torrenda
1075 1796 1291 1846 dederunt,

329 1857 526 1907 Multaque
559 1862 718 1907 peccato
752 1856 888 1894 damna
921 1855 1047 1893 tulere
1080 1867 1174 1893 suo.

270 1916 366 1954 Nam
399 1916 511 1954 modo
545 1915 750 1953 verrebant
782 1916 912 1965 nigras
944 1926 1014 1965 pro
1047 1914 1149 1951 farre
1181 1912 1349 1965 favillas,

328 1973 440 2012 Nunc
472 1975 576 2024 ipsas
607 1975 717 2024 ignes
749 1974 975 2023 corripuere
1009 1983 1139 2010 casas.

183 2041 249 2072 525
271 2032 387 2071 Facta
420 2032 490 2071 dea
523 2038 582 2070 est
613 2031 795 2070 Fornax.
852 2030 942 2069 laeti
975 2029 1146 2068 Fornace
1180 2029 1307 2068 coloni

330 2091 481 2141 Orant,
513 2096 557 2129 ut
587 2090 720 2141 fruges
752 2094 945 2140 temperet
976 2088 1036 2126 illa
1071 2100 1182 2126 suas.

272 2149 389 2188 Curio
422 2149 604 2199 legitimis
637 2160 741 2186 nunc
773 2146 996 2185 Fornacalia
1030 2146 1158 2184 verbis

331 2207 520 2245 Maximus
552 2207 717 2257 indicit,
750 2227 792 2232 —
826 2217 898 2244 nec
931 2210 1027 2243 stata
1061 2215 1169 2242 sacra
1201 2204 1293 2242 facit
1325 2225 1367 2231 —-

270 2265 392 2316 Inque
426 2266 539 2317 soro,
572 2265 690 2303 multa
724 2266 871 2303 circum
904 2262 1097 2314 pendente
1130 2262 1291 2314 tabella,

184 2332 250 2362 530
332 2324 515 2374 Signatur
547 2328 653 2362 certa
685 2324 792 2362 curia
826 2332 1001 2373 quaeque
1034 2326 1145 2360 nota.
