1570 2527
159 135 242 177 154
698 136 763 167 Ex
787 136 944 168 PONTo

333 244 486 296 Scripta
518 249 648 282 tamen
678 243 836 294 profugi
868 246 964 283 vatis
996 243 1172 283 habenda
1202 250 1342 296 putas.

276 302 432 342 Scilicet
462 303 630 352 ingeniis
662 301 789 352 aliqua
822 308 881 341 est
912 302 1121 341 concordia
1151 304 1320 355 iunctiS,
1433 312 1489 345 (55)

210 370 254 401 60
333 361 383 399 Et
414 365 543 399 servat
573 360 693 398 studii
725 360 883 399 foedera
914 362 1080 411 quisque
1113 363 1198 401 sui:

274 420 460 458 Rusticus
492 418 700 469 agricolam
718 449 729 470 ,
760 418 872 457 miles
903 420 986 458 fera
1016 419 1116 458 bella
1147 425 1373 472 gerentem,

333 477 543 516 Rectorem
575 476 715 515 dubiae
747 478 874 515 navita
904 479 1047 528 puppis
1080 483 1203 517 amat.

275 536 333 574 Tu
366 547 522 586 quoque
553 535 755 574 Pieridum
787 535 916 574 studio
936 566 947 587 ,
979 536 1153 574 studiose
1172 567 1183 588 ,
1213 537 1385 590 teneris,

332 593 572 645 Ingenioque
605 594 708 631 faves
726 625 737 644 ,
768 594 970 644 ingeniose
990 626 1001 646 ‚
1032 605 1141 633 meo.

211 659 254 691 65
275 651 398 691 Distat
430 664 529 702 opus
561 657 741 690 nostrum
760 683 770 703 ‚
802 652 870 690 sed
903 651 1077 691 fontibus
1109 654 1189 692 exit
1218 652 1266 692 ab
1297 652 1443 693 isdem:

332 712 437 749 Artis
470 716 509 749 et
539 712 731 761 ingenuae
764 710 892 749 cultor
923 717 1090 762 uterque
1122 723 1280 751 sumus.

277 768 470 820 [Thyrsus
502 770 605 807 enim
637 768 747 807 vobis
766 800 776 819 ‚
808 774 957 818 gestata
989 776 1050 808 est
1080 770 1213 808 laurea
1243 769 1379 810 nobis:

334 827 411 866 Sed
443 833 572 866 tamen
605 826 793 866 ambobus
825 827 942 866 debet
972 829 1102 867 inesse
1134 828 1238 867 calor
1253 827 1279 878 .]

274 884 402 937 thue
434 887 532 924 meis
563 887 738 924 numeris
770 892 836 924 tua
868 885 932 924 dat
963 886 1143 925 facundia
1175 898 1340 938 nervos,

212 953 255 983 70
335 943 399 983 Sic
431 945 538 982 venit
568 956 590 982 a
621 943 733 982 nobis
765 945 805 982 in
837 950 902 983 tua
935 944 1051 983 verba
1083 947 1209 983 nitor.

275 1002 363 1041 Iure
396 1004 515 1053 igitur
547 1002 676 1041 studio
710 1003 876 1041 confinia
909 1005 1079 1041 carmina
1110 1009 1240 1041 vestro

332 1060 382 1099 Et
413 1061 629 1100 commilitii
661 1072 771 1099 sacra
803 1061 947 1099 tuenda
978 1068 1114 1112 putas.

275 1118 350 1157 Pro
384 1119 527 1170 quibus
559 1125 603 1158 ut
634 1125 815 1171 maneat,
849 1119 896 1157 de
928 1131 1005 1170 quo
1038 1121 1241 1171 censeris,
1273 1120 1445 1170 amicus,

334 1177 571 1228 Compreeor
603 1178 649 1216 ad
681 1179 780 1216 vitae
812 1183 989 1228 tempora
1022 1190 1172 1217 summa
1202 1183 1315 1230 tuae,

211 1244 254 1275 75
277 1235 546 1287 Succedatque
579 1237 657 1275 tuis
689 1235 795 1274 orbis
827 1236 1049 1275 moderator
1080 1236 1267 1275 habenis:

335 1294 447 1340 Quod
478 1306 633 1334 mecum
664 1294 799 1345 populi
832 1300 918 1333 vota
949 1301 1161 1345 precantur
1191 1294 1317 1334 idem.

790 1421 868 1470 VI.

276 1527 453 1566 Carmine
487 1526 720 1566 Graecinum
739 1558 749 1578 ,
783 1528 850 1577 qui
881 1539 1068 1578 praesens
1098 1538 1194 1566 voce
1226 1524 1397 1577 solebat,

334 1585 474 1624 Tristis
507 1585 554 1624 ab
585 1585 749 1624 Euxinis
780 1585 1056 1635 Naso-salutat
1087 1587 1221 1637 aquis.

276 1643 409 1682 Exulis
441 1643 536 1683 haec
567 1656 642 1682 vox
674 1650 761 1682 est.
817 1643 979 1694 praebet
1010 1643 1106 1682 mihi
1137 1643 1267 1682 littera
1297 1641 1491 1695 linguam,

335 1701 384 1739 Et
415 1703 449 1740 si
480 1714 557 1740 non
588 1702 703 1740 liceat
735 1702 909 1740 scribere
928 1732 939 1753 ‚
972 1708 1103 1741 mutus
1135 1714 1227 1741 ero,

236 1768 255 1798 5
276 1759 449 1810 Corripis
468 1791 479 1811 ‚
510 1765 554 1798 ut
585 1759 704 1798 debes
722 1790 733 1810 ‚
766 1760 875 1798 stulti
906 1765 1065 1810 peccata
1097 1759 1264 1810 sodalis,

335 1817 384 1856 Et
415 1818 513 1856 mala
545 1830 605 1856 me
637 1819 788 1856 meritis
820 1818 924 1856 ferre
955 1819 1106 1856 minora
1138 1818 1280 1856 doces.

276 1875 374 1914 Vera
405 1877 500 1915 sacis
518 1907 528 1928 ‚
560 1875 628 1914 sed
660 1888 776 1928 sera,
808 1888 916 1914 meae
949 1878 1121 1915 convicia
1153 1875 1312 1927 culpae.
1433 1883 1490 1916 (56)

335 1935 481 1986 Aspera
513 1935 692 1973 confesso
724 1933 842 1972 verba
873 1936 1028 1973 remitte
1060 1946 1152 1973 reo.

277 1992 373 2031 Cum
404 1998 580 2044 poteram
612 1998 721 2031 recto
753 1994 920 2031 transire
953 1992 1143 2032 Ceraunia
1175 1991 1283 2044 velo,

217 2059 258 2089 10
338 2051 388 2089 Ut
419 2052 501 2090 sera
531 2053 695 2089 vitarem
727 2062 817 2089 saxa
835 2083 845 2102 ‚
878 2051 1096 2090 monendus
1129 2062 1258 2089 eram.

276 2108 388 2148 Nunc
421 2109 515 2147 mihi
547 2110 747 2160 naufragio
781 2109 872 2159 quid
904 2109 1066 2160 prodest
1097 2109 1249 2148 discere
1280 2108 1406 2159 facto,

336 2167 420 2212 Qua
453 2179 536 2206 mea
568 2167 749 2206 debuerit
780 2179 940 2206 currere
974 2167 1114 2206 cumba
1143 2164 1238 2205 via?

278 2224 442 2264 Brachia
473 2225 520 2264 da
552 2226 653 2264 lasso
685 2227 816 2276 potius
847 2225 1074 2276 prendenda
1105 2225 1276 2264 natanti:

336 2283 416 2321 Nec
447 2285 577 2334 pigeat
607 2289 738 2322 mento
772 2285 1024 2334 supposuisse
1056 2294 1237 2322 manum.

216 2349 257 2380 15
278 2340 398 2392 quue
438 2342 532 2380 facis
551 2372 561 2393 ,
594 2342 790 2392 faciasque
824 2353 993 2392 precor.
1050 2343 1106 2379 sic
1143 2346 1268 2380 mater
1298 2345 1339 2379 et
1373 2350 1491 2389 uxor,
