1570 2527
158 114 214 155 84
713 115 938 148 TRISTIUM

278 222 456 262 Videris!
501 224 585 275 ipse
618 235 797 275 sacram,
829 225 1003 275 quamvis
1035 225 1184 263 invisus
1203 254 1214 275 ,
1246 224 1293 263 ad
1325 236 1431 264 aram

275 282 533 333 Confugiam:
565 281 689 320 nullas
721 287 940 321 summovet
971 294 1036 321 ara
1067 294 1229 322 manus,

210 407 254 439 45
277 399 474 449 Adloquor
507 410 554 437 en
582 397 723 437 absens
755 398 929 437 absentia
960 400 1120 437 numina
1151 398 1339 452 supplex,

277 458 317 496 Si
349 458 406 495 fas
438 461 499 495 est
529 456 678 495 homini
709 469 799 496 cum
830 457 918 496 Iove
949 469 1065 508 posse
1096 457 1227 508 loqui.

276 514 433 554 Arbiter
463 516 650 567 imperii,
683 527 760 566 quo
793 521 944 553 certum
977 520 1037 554 est
1068 517 1215 566 sospite
1247 521 1410 555 cunctos

275 574 469 612 Ausoniae
501 585 636 612 curam
668 575 795 623 gentis
826 573 971 612 habere
1003 573 1121 625 deos,

277 631 308 671 Ο
341 632 462 670 decus
481 663 493 684 ,
524 643 546 670 ο
578 633 726 683 patriae
757 643 829 683 per
860 637 899 670 te
931 631 1108 670 florentis
1139 633 1289 684 imag0‚

212 699 256 730 50
278 690 309 729 Ο
342 692 400 729 vir
431 702 510 728 non
540 691 626 741 ipso
647 721 658 742 ,
690 702 807 741 quem
839 691 944 741 regis
963 722 974 742 ,
1006 689 1100 728 orbe
1133 691 1261 729 minor
1291 711 1350 719 —

280 749 344 788 Sic
374 748 527 787 habites
559 754 685 787 terras
718 755 757 787 et
787 754 826 787 te
858 748 1056 787 desideret
1087 748 1246 801 aether,

278 807 343 846 Sic
375 807 421 846 ad
452 812 564 858 pacta
595 806 667 846 tibi
700 806 826 845 sidera
858 807 995 846 tardus
1027 819 1092 846 eas
1125 828 1180 834 —

277 866 429 918 Parce,
460 877 632 917 precor,
664 867 941 916 minimamque
972 872 1041 904 tuo
1073 865 1121 904 de
1153 865 1315 904 fulmine
1345 870 1495 916 partem

279 923 427 963 Deme!
473 926 566 963 satis
597 935 746 975 poenae
779 924 882 975 quod
915 922 1145 976 superabit,
1176 925 1273 962 erit.

214 991 257 1022 55
278 982 337 1021 Ira
371 981 528 1033 quidem
560 982 759 1021 moderata
792 989 857 1021 tua
889 988 977 1034 est,
1009 983 1204 1033 vitamque
1237 981 1402 1033 dedisti,

278 1041 358 1080 Nec
389 1040 485 1079 mihi
516 1042 577 1079 ius
609 1042 717 1079 civis*
736 1053 809 1079 nec
842 1041 935 1079 mihi
966 1052 1108 1079 nomen
1141 1040 1273 1092 abest,

278 1100 358 1138 Nec
389 1111 474 1137 mea
501 1111 687 1138 concessa
719 1105 779 1137 est
810 1099 893 1137 aliis
926 1100 1110 1147 fortuna,
1143 1111 1216 1137 nec
1248 1098 1338 1138 exul

279 1157 407 1196 Edicti
438 1157 567 1196 verbis
599 1158 780 1196 nominor
811 1159 895 1208 ipse
928 1159 1008 1196 tui.

280 1216 495 1267 Omniaque
527 1215 622 1254 haec
655 1217 796 1267 timui,
829 1217 918 1266 quia
950 1227 1010 1254 me
1044 1216 1236 1255 meruisse
1268 1214 1470 1267 videbam3

216 1283 260 1314 60
283 1275 358 1314 Sed
391 1280 455 1313 tua
488 1280 648 1325 peccato
680 1273 806 1312 lenior
837 1275 895 1312 ira
926 1286 1012 1312 meo
1045 1280 1115 1313 est.

280 1334 381 1371 Arva
412 1332 627 1383 relegatum
658 1334 808 1371 iussisti
839 1334 965 1371 visere
996 1331 1134 1384 Ponti,

280 1391 330 1430 Et
362 1390 588 1442 Scythicum
618 1391 784 1442 profuga
815 1390 994 1429 scindere
1026 1402 1157 1442 puppe
1189 1390 1356 1429 fretum.

280 1449 415 1488 Iussus
447 1449 493 1487 ad
525 1448 668 1488 Euxini
699 1448 887 1487 deformia
918 1448 1031 1487 litora
1064 1451 1152 1488 veni

283 1509 474 1559 Aequoris
504 1529 552 1536 —
582 1507 677 1546 haec
709 1507 835 1558 gelido
867 1513 973 1546 terra
1004 1507 1077 1546 sub
1110 1519 1179 1546 axe
1211 1509 1313 1546 iacet
1341 1529 1388 1534 —

219 1575 261 1606 65
283 1566 363 1605 Nec
396 1578 456 1604 me
489 1572 567 1604 tam
599 1567 748 1604 cruciat
779 1577 993 1617 numquam
1033 1567 1116 1604 sine
1149 1566 1293 1617 frigore
1325 1564 1498 1612 caelum,

283 1624 480 1674 Glebaque
514 1625 669 1662 canenti
701 1636 857 1675 semper
888 1624 1027 1663 obusta
1058 1624 1171 1676 gelu,

282 1683 499 1732 Nesciaque
532 1688 592 1721 est
622 1683 728 1720 vocis
760 1682 863 1733 quod
896 1682 1060 1721 barbara
1090 1683 1223 1732 lingua
1254 1681 1437 1733 Latinae,

283 1741 506 1792 Graecaque
539 1739 643 1790 quod
676 1740 811 1778 Getico
844 1741 943 1778 victa
975 1740 1142 1790 loquella
1175 1752 1270 1778 sono
1303 1746 1386 1792 est3

284 1800 408 1845 Quam
440 1797 543 1849 quod
576 1799 739 1837 finitimo
772 1799 925 1837 cinctus
956 1810 1115 1849 premor
1146 1797 1319 1849 undique
1351 1797 1497 1850 Marte,

221 1866 264 1898 70
285 1857 434 1908 Vixque
466 1856 596 1895 brevis
627 1862 734 1895 tutos
765 1868 902 1895 murus
934 1856 981 1895 ab
1013 1856 1125 1895 hoste
1158 1857 1270 1895 facit.

285 1916 363 1954 Pax
394 1921 524 1954 tamen
557 1914 755 1953 interdum
787 1920 875 1967 est,
906 1916 1013 1966 pacis
1044 1914 1185 1954 fiducia
1216 1926 1451 1965 numquam.

287 1974 350 2013 Sic
381 1973 444 2012 hic
477 1985 582 2012 nunc
613 1974 789 2025 patitur,
821 1985 927 2012 nunc
958 1975 1070 2012 timet
1101 1985 1207 2012 arma
1237 1973 1370 2012 locus.

285 2032 385 2071 Hinc
417 2044 489 2083 ego
522 2031 614 2070 dum
647 2036 775 2070 muter
794 2063 805 2083 ,
836 2031 895 2069 vel
928 2044 988 2070 me
1021 2031 1206 2070 Zanclaea
1238 2030 1451 2082 Charybdis

288 2091 456 2129 Devoret
487 2095 603 2141 atque
637 2091 718 2128 suis
750 2090 797 2128 ad
830 2089 945 2141 Styga
977 2092 1104 2129 mittat
1136 2091 1267 2141 aquis,

223 2158 266 2189 75
288 2148 356 2187 Vel
388 2149 544 2200 rapidae
576 2148 741 2187 flammis
773 2160 865 2187 urar
896 2150 1088 2199 patienter
1119 2150 1159 2187 in
1191 2149 1360 2200 Aetnae,

286 2207 355 2245 Vel
387 2208 485 2246 freta
516 2206 701 2246 Leucadii
732 2208 863 2246 mittar
894 2208 935 2245 in
966 2206 1041 2245 alta
1072 2206 1160 2245 dei.

288 2265 399 2311 Quod
415 2267 592 2317 petimus,
614 2277 734 2317 poena
748 2271 822 2304 est.
849 2277 972 2316 neque
994 2266 1095 2303 enim
1114 2266 1232 2303 miser
1247 2277 1332 2304 esse
1352 2276 1500 2317 recuso,

289 2323 366 2362 Sed
397 2336 567 2376 precor,
600 2330 643 2362 ut
673 2325 820 2375 possim
851 2325 975 2362 tutius
1007 2335 1093 2362 esse
1125 2324 1266 2362 miser.
