1570 2527
166 122 248 163 170
704 124 768 155 EX
792 123 948 156 PONTo

343 232 513 271 Sollicito
547 243 691 269 vacuus
723 232 766 270 fit
797 231 906 270 locus
937 232 1000 270 ille
1033 237 1165 271 metu.

283 290 378 336 Quis
411 302 487 328 non
521 302 540 327 e
573 289 718 327 timidis
751 292 857 340 aegri
889 292 1064 341 contagia
1096 292 1212 342 vitat,

341 349 518 387 Vicinum
551 353 729 386 metuens
763 361 810 387 ne
843 348 970 387 trahat
1000 349 1090 387 inde
1123 345 1300 387 malum?

220 416 260 446 15
282 407 340 445 Me
373 419 528 457 quoque
562 408 772 445 amicorum
807 409 924 445 nimio
957 413 1109 445 terrore
1142 413 1351 459 metuque,

340 465 422 503 Non
456 465 543 502 odio
578 465 732 515 quidam
765 465 977 503 destituere
1010 466 1107 503 mei.

280 523 363 561 Non
397 523 471 561 iilis
504 524 656 574 pietas,
695 535 770 561 non
804 524 975 561 officiosa
1009 523 1184 561 voluntas

340 581 499 620 Defuit:
544 581 726 619 adversos
760 583 974 620 extimuere
1007 581 1123 620 deos.

283 639 427 690 [thue
462 641 580 690 magis
613 641 716 678 cauti
748 647 911 691 possunt
939 640 1139 690 timidique
1173 639 1316 691 videri,

218 706 261 737 20
342 698 405 736 Sic
438 698 623 749 appellari
657 710 733 736 non
766 711 945 737 meruere
977 697 1107 747 mali]

281 758 356 795 Aut
389 769 498 795 meus
531 763 691 795 excusat
724 769 834 795 caros
866 759 917 796 ita
951 756 1094 795 candor
1127 758 1294 808 amicos,
1439 763 1494 797 (8⁰)

343 815 468 865 thue
502 815 669 854 habeant
701 816 747 854 de
782 827 842 854 me
876 817 1035 853 crimina
1069 815 1203 859 nulla,
1235 815 1357 853 favet.

283 873 369 911 Sint
401 874 440 911 hi
472 876 646 912 contenti
678 876 815 925 venia,
849 879 1053 925 sperentve
1086 873 1239 925 licebit,

341 932 503 982 Purgari
536 933 680 970 sactum
713 944 773 970 me
807 945 961 983 quoque
994 937 1092 970 teste
1126 943 1261 971 suum.

218 998 260 1029 25
282 990 376 1028 Pars
410 992 503 1028 estis
535 992 649 1040 pauci
681 991 846 1042 melior,
879 992 945 1041 qui
978 990 1095 1028 rebus
1128 992 1168 1028 in
1200 991 1294 1028 artis

341 1048 460 1086 Ferre
493 1049 586 1086 mihi
620 1049 763 1086 nullam
797 1054 909 1099 turpe
943 1050 1107 1099 putastis
1139 1060 1275 1099 opem.

282 1106 391 1144 Tunc
423 1108 543 1157 igitur
575 1109 703 1145 meriti
737 1108 926 1145 morietur
957 1109 1079 1157 gratia
1111 1108 1253 1157 vestri,

341 1165 436 1203 Cum
469 1167 567 1203 einis
600 1164 804 1216 absumpto
837 1177 1001 1216 corpore
1035 1165 1159 1203 factus
1192 1176 1283 1202 ero.

282 1223 407 1261 Fallor
427 1221 447 1261 ‘3
491 1229 529 1261 et
561 1223 622 1260 illa
656 1235 762 1261 meae
796 1223 995 1274 superabit
1027 1229 1202 1273 tempora
1234 1224 1363 1275 vitae,

214 1290 258 1320 30
339 1281 378 1319 Si
406 1288 532 1319 tamen
566 1293 585 1319 a
618 1283 781 1319 memori
813 1284 1040 1332 posteritate
1072 1282 1200 1332 legar.

283 1339 453 1390 Corpora
485 1339 678 1377 debentur
711 1341 866 1377 maestis
900 1341 1107 1390 exsanguia
1139 1338 1289 1378 bustis:

341 1398 541 1448 Effugiunt
573 1402 744 1435 structos
777 1410 918 1436 nomen
950 1397 1153 1448 honorque
1185 1409 1322 1447 rogos.

282 1456 434 1494 Occidit
466 1462 504 1494 et
536 1455 710 1494 Theseus
744 1461 782 1494 et
815 1457 880 1506 qui
912 1458 1108 1494 comitavit
1139 1455 1329 1494 Oresten:

343 1514 417 1553 Sed
452 1520 578 1552 tamen
611 1516 649 1552 in
683 1514 816 1552 landes
849 1515 940 1553 vivit
972 1520 1138 1565 uterque
1171 1525 1283 1553 suas.

219 1581 262 1611 35
284 1573 357 1611 Vos
391 1574 505 1611 etiam
538 1571 616 1610 seri
648 1572 860 1611 laudabunt
892 1585 1005 1623 saepe
1038 1578 1224 1623 nepote5‚

341 1631 528 1680 Claraque
562 1632 637 1669 erit
668 1633 824 1681 scriptis
857 1631 977 1681 gloria
1010 1637 1137 1669 vestra
1169 1631 1288 1669 meis.

282 1689 352 1727 Hic
386 1702 539 1739 quoque
575 1689 824 1727 Sauromatae
856 1691 932 1727 iam
964 1701 1030 1727 vos
1063 1701 1205 1728 novere
1238 1688 1458 1740 Getaeque.

341 1747 389 1785 Et
420 1747 516 1785 tales
549 1749 697 1784 animos
729 1746 892 1785 barbara
924 1747 1037 1785 turba
1069 1747 1229 1797 probat.

283 1805 456 1855 Cumque
490 1817 559 1855 ego
593 1805 639 1842 de
672 1810 798 1843 vestra
832 1817 957 1855 nuper
988 1805 1180 1855 probitate
1213 1805 1402 1843 referrem
1434 1827 1474 1831 —

217 1872 260 1902 40
340 1863 435 1901 Nam
469 1863 585 1901 didici
618 1862 751 1901 Getice
785 1862 1074 1913 Sarmaticeque
1107 1863 1214 1913 loqui
1239 1885 1282 1889 —

281 1922 397 1960 Forte
431 1934 549 1959 senex
582 1921 767 1973 quidam,
800 1927 913 1960 coetu
946 1934 1036 1960 cum
1068 1927 1189 1960 staret
1220 1923 1260 1960 in
1291 1921 1380 1973 illo,

342 1980 524 2018 Reddidit
555 1979 601 2017 ad
634 1985 789 2018 nostros
821 1980 910 2018 talia
943 1979 1058 2018 verba
1090 1991 1230 2018 sonos:

283 2036 382 2076 ‘Nos
415 2050 570 2089 quoque
603 2039 793 2076 amicitiae
826 2050 969 2076 nomen
989 2070 999 2089 ‚
1038 2038 1137 2077 bone
1157 2070 1167 2090 ‚
1200 2039 1400 2091 novimus,

1006 2096 1148 2147 hospes
1160 2128 1171 2148 ‚
1437 2104 1492 2138 (81)

342 2155 447 2201 Quos
480 2155 616 2206 procul
649 2167 669 2192 a
700 2154 808 2193 vobis
840 2153 986 2192 Pontus
1019 2161 1055 2193 et
1089 2154 1221 2193 Hister
1251 2153 1390 2193 habet.

217 2221 260 2252 45
281 2213 350 2251 Est
382 2214 490 2252 locus
524 2215 561 2251 in
596 2213 780 2264 Scythia,
813 2212 961 2251 Tauros
994 2213 1126 2251 dixere
1158 2214 1340 2265 priores,

342 2271 416 2316 Qui
449 2272 581 2310 Getica
613 2271 726 2322 longe
759 2283 837 2309 non
868 2273 921 2310 ita
953 2271 1069 2310 distat
1099 2271 1241 2310 humo.

283 2329 361 2367 Ilac
395 2342 464 2380 ego
497 2341 584 2368 sum
616 2336 721 2368 terra
748 2352 789 2356 —
816 2331 963 2381 patriae
995 2341 1067 2368 nec
1099 2330 1271 2380 paenitet
1291 2351 1333 2356 —
1360 2334 1492 2368 ortus:
