1570 2527
190 89 247 130 34
748 92 973 124 TRISTIL'M

311 198 465 238 Detexit
496 200 613 238 variis
647 200 713 250 qui
746 211 815 238 sua
846 200 951 238 furta
982 199 1129 238 modis.

309 257 409 303 Quid
431 258 599 296 referam
620 257 797 310 Ticidae,
818 258 910 309 quid
930 258 1087 297 Memmi
1107 269 1285 310 carmen,
1308 258 1409 309 apud
1431 271 1529 310 quos

308 315 440 354 Rebus
473 316 582 354 adest
614 327 756 354 nomen
788 316 1090 367 nominibusque
1122 314 1283 368 pudor?

220 382 288 413 435
310 374 431 412 Cinna
451 386 605 424 quoque
621 374 680 413 his
701 387 831 413 comes
853 381 931 426 est,
946 375 1146 426 Cinnaque
1166 377 1369 426 procacior
1384 375 1529 427 Anser,

309 432 358 470 Et
389 432 472 471 leve
506 432 687 471 Cornifici
718 445 866 484 parque
899 433 1055 472 Catonis
1088 446 1209 484 opus.

312 490 377 540 [Et
410 503 577 541 quorum
609 491 718 530 libris
750 492 864 530 modo
898 491 1137 530 dissimulata
1169 491 1331 531 Perillae

309 548 473 588 Nomine
493 581 503 601 ,
536 561 639 588 nunc
672 549 814 600 legitur
846 549 947 588 dicta
967 581 977 601 ,
1009 549 1161 588 Metelle
1181 581 1191 601 ,
1223 548 1321 601 tuo]

308 606 344 645 Is
378 619 533 658 quoque
552 639 563 660 ,
595 607 800 646 Phasiacas
832 608 962 659 Argon
995 609 1062 659 qui
1095 608 1204 647 duxit
1234 610 1274 647 in
1307 608 1453 660 undas,

220 673 289 704 440
310 665 394 704 Non
426 667 554 716 potuit
586 665 748 704 Veneris
781 667 883 705 furta
917 672 1046 705 tacere
1079 679 1171 705 suae
1191 698 1199 705 .

310 723 390 762 Nec
423 726 551 763 minus
583 723 797 775 Hortensi,
829 736 902 763 nec
934 731 1026 763 sunt
1053 727 1180 764 minus
1212 725 1389 776 improba
1416 724 1527 764 Servi

311 782 517 821 Carmina.
569 784 656 834 quis
689 783 841 822 dubitet
872 785 1029 822 nomina
1061 790 1166 822 tanta
1198 781 1345 835 sequi?

311 840 434 879 Vertit
465 841 675 880 Aristidem
709 841 902 891 Sisenna,
935 853 1007 880 nec
1041 841 1166 880 obfuit
1196 842 1252 880 illi

311 898 505 937 Historiae
538 897 669 950 turpis
706 901 920 938 inseruisse
953 901 1082 938 iocos.

222 965 289 995 445
311 957 396 995 Non
429 957 501 996 suit
534 957 743 1008 opprobrio
776 958 995 996 celebrasse
1027 957 1216 1009 Lycorida
1248 957 1378 1010 Gallo,

312 1015 387 1053 Sed
419 1015 589 1066 linguam
622 1017 742 1055 nimio
775 1028 853 1055 non
885 1018 1058 1055 tenuisse
1091 1029 1223 1055 mer0.

311 1074 480 1112 Credere
512 1076 658 1113 iuranti
689 1075 831 1113 durum
864 1080 975 1125 putat
1007 1087 1092 1114 esse
1125 1074 1327 1127 Tibullus,

312 1132 375 1170 Sic
408 1134 523 1171 etiam
557 1133 602 1171 de
636 1145 677 1171 se
711 1133 813 1184 quod
847 1139 963 1184 neget
992 1133 1055 1172 illa
1087 1134 1192 1172 viro.

311 1190 458 1229 Fallere
492 1190 694 1230 custodem
726 1191 921 1230 dominam
954 1191 1133 1231 docuisse
1167 1192 1333 1244 fatetur,

222 1257 290 1287 450
313 1248 440 1300 Seque
473 1261 543 1288 sua
575 1251 761 1288 miserum
795 1261 898 1288 nunc
931 1250 984 1288 ait
1015 1256 1096 1289 arte
1129 1252 1278 1301 premi,

313 1307 465 1359 Saepe,
505 1307 608 1346 velut
645 1320 837 1358 gemmam
875 1308 1053 1347 dominae
1086 1310 1287 1359 signumve
1319 1308 1528 1361 probaret,

310 1365 385 1404 Per
418 1377 574 1404 causam
606 1368 783 1405 meminit
814 1379 855 1405 se
887 1368 1061 1417 tetigisse
1095 1379 1275 1419 manum3

310 1423 437 1474 thue
470 1424 619 1475 refert,
652 1424 782 1474 digitis
815 1437 928 1476 saepe
961 1431 1021 1464 est
1052 1431 1229 1476 nutuque
1261 1425 1438 1478 locutus,

310 1481 359 1520 Et
393 1484 546 1521 tacitam
579 1494 734 1520 mensae
767 1482 878 1521 duxit
907 1485 947 1521 in
980 1482 1074 1521 orbe
1106 1489 1263 1535 notam;

221 1548 288 1578 455
311 1540 359 1579 Et
391 1540 533 1591 quibus
567 1553 587 1579 e
621 1542 725 1579 sucis
757 1541 869 1580 abeat
900 1541 947 1580 de
980 1554 1144 1592 corpore
1176 1542 1296 1594 livor,

310 1598 504 1649 Impresso
537 1600 622 1638 fieri
654 1601 720 1650 qui
753 1599 851 1638 solet
883 1612 980 1651 ore,
1013 1600 1151 1639 docet:

311 1656 485 1707 Denique
519 1657 565 1695 ab
597 1660 753 1696 incauto
786 1659 949 1696 nimium
981 1660 1079 1708 petit
1109 1658 1172 1697 ille
1206 1660 1370 1710 marito,

312 1714 360 1753 Se
395 1727 550 1766 quoque
584 1717 640 1754 uti
673 1722 829 1767 servet,
861 1721 999 1767 peccet
1030 1722 1073 1755 ut
1102 1716 1166 1755 illa
1197 1719 1337 1756 minus.

312 1772 422 1824 Scit,
456 1775 519 1812 cui
550 1773 715 1812 latretur
734 1804 745 1825 ,
778 1785 867 1813 cum
901 1774 1006 1813 solus
1040 1774 1262 1814 obambulet
1293 1777 1403 1827 ipse,

222 1839 290 1870 460
312 1830 390 1870 Cur
423 1833 565 1870 totiens
598 1832 747 1870 clausas
782 1838 937 1871 excreet
970 1839 1057 1872 ante
1091 1834 1218 1885 fores,

309 1889 506 1941 Multaque
540 1890 603 1929 dat
635 1891 731 1929 furti
765 1890 849 1929 talis
882 1897 1090 1942 praecepta
1121 1892 1337 1944 docetque,

310 1948 393 1994 Qua
426 1955 567 2000 nuptae
600 1950 751 2000 possint
783 1949 914 1988 fallere
948 1949 994 1988 ab
1027 1955 1109 1989 arte
1141 1952 1266 1989 viros.

308 2006 393 2045 Non
427 2007 501 2046 fuit
532 2007 605 2046 hoc
636 2007 690 2046 illi
724 2008 878 2059 fraudi,
912 2007 1133 2059 legiturque
1166 2009 1344 2048 Tibullus

308 2065 357 2104 Et
389 2065 543 2116 placet,
577 2072 615 2105 et
646 2068 721 2105 iam
753 2072 791 2105 te
823 2068 998 2117 principe
1031 2073 1147 2106 notus
1180 2072 1284 2106 erat.

219 2132 287 2162 465
309 2123 486 2162 Invenies
520 2124 652 2163 eadem
687 2124 815 2163 blandi
845 2132 1053 2176 praecepta
1084 2125 1289 2176 Properti:

309 2181 526 2221 Destrictus
559 2185 717 2223 minima
750 2195 821 2222 nec
855 2188 981 2222 tamen
1013 2183 1076 2222 ille
1110 2190 1199 2222 nota
1231 2190 1313 2222 est.

311 2240 378 2278 His
406 2253 476 2291 ego
510 2244 712 2294 successi,
745 2243 927 2293 quoniam
959 2244 1196 2293 praestantia
1228 2242 1372 2281 candor

306 2299 471 2338 Nomina
505 2302 679 2339 vivorum
713 2300 956 2340 dissimulare
989 2300 1119 2339 iubet.
