1570 2527
504 105 546 137 V.
572 112 632 137 vn
653 106 824 137 23—V111
847 105 901 136 25.
1319 99 1375 140 93

90 223 134 254 60
155 213 355 253 Barbara:
400 225 478 252 non
510 212 679 251 hominis
712 212 824 263 culpa
857 211 924 250 sed
957 212 1030 250 ista
1061 210 1160 249 loci.

153 273 210 312 Ne
243 278 371 312 tamen
405 273 597 310 Ausoniae
630 270 790 321 perdam
824 271 1058 309 commercia
1091 269 1268 320 linguae,

154 331 204 370 Et
235 331 299 370 fiat
330 332 456 382 patrio
489 342 559 368 vox
593 341 677 368 mea
710 335 815 368 muta
848 341 967 380 sono,

154 389 241 440 Ipse
275 389 414 440 loquor
445 400 600 428 mecum
632 387 873 439 desuetaque
906 386 1023 426 verba
1055 392 1250 438 retracto,

155 448 204 487 Et
236 448 356 487 studii
387 454 523 499 repeto
556 448 666 497 signa
698 448 855 486 sinistra
888 447 986 485 mei.

90 515 135 547 65
157 507 221 546 Sic
254 508 426 546 animum
461 514 695 557 tempusque
729 505 839 544 traho
859 536 869 556 ‚
902 506 958 543 sic
991 516 1133 556 meque
1165 504 1311 543 reduco

155 567 185 604 A
218 565 481 616 contemplatu
515 575 820 615 summoveoque
853 563 965 602 mali.

156 623 403 664 Carminibus
436 635 582 675 quaero
615 625 848 662 miserarum
882 621 1022 660 oblivia
1054 633 1210 661 rerum:

156 682 333 722 Praemia
365 684 398 721 si
431 682 560 721 studio
593 694 814 733 consequar
845 682 918 720 ista
937 711 948 733 ,
981 687 1040 720 sat
1072 686 1153 720 est.

644 809 772 856 VIII.

158 905 244 945 Non
276 904 371 944 adeo
404 903 558 956 cecidi,
591 905 767 954 quamvis
800 902 976 942 abiectus
995 933 1005 951 ,
1037 908 1081 942 ut
1112 903 1213 941 infra

158 965 213 1003 Te
247 976 402 1016 quoque
436 964 509 1001 sim
529 994 540 1015 ,
572 963 737 1001 inferius
770 974 847 1013 quo
880 962 975 1001 nihil
1009 974 1095 1000 esse
1127 966 1280 1012 potest.

159 1023 266 1069 Quae
300 1022 368 1062 tibi
402 1034 465 1061 res
498 1023 647 1060 animos
678 1022 718 1060 in
757 1033 819 1060 me
859 1021 979 1073 facit,
1016 1020 1223 1072 improbe,
1264 1031 1380 1058 curve

159 1082 322 1121 Casibus
354 1081 518 1120 insultas
538 1111 548 1131 ‚
581 1092 679 1131 quos
712 1085 825 1130 potes
857 1081 940 1130 ipse
973 1078 1087 1131 pati?

118 1148 138 1179 5
159 1141 239 1180 Nec
273 1140 370 1179 mala
404 1147 440 1179 te
473 1139 644 1178 reddunt
676 1140 808 1177 mitem
841 1138 1116 1189 placidumque
1149 1139 1292 1177 iacenti

159 1199 329 1251 Nostra,
363 1197 504 1249 quibus
538 1199 689 1249 possint
719 1196 965 1236 inlacrimare
1000 1198 1128 1249 serae,

160 1258 239 1297 Nec
272 1259 416 1297 metuis
449 1256 567 1295 dubio
601 1256 797 1295 Fortunae
830 1257 969 1295 stantis
999 1257 1039 1294 in
1076 1255 1169 1294 orbe

161 1317 314 1356 Numen
348 1323 386 1355 et
418 1327 557 1354 exosae
589 1314 707 1353 verba
739 1314 908 1366 superba
941 1314 1058 1353 deae.

162 1375 292 1427 Exigit
323 1387 344 1413 a
376 1374 502 1425 dignis
534 1373 654 1413 ultrix
686 1373 926 1412 Rhamnusia
957 1372 1126 1424 poenas!

100 1441 141 1473 10
163 1434 334 1485 lnposito
368 1433 492 1472 calcas
525 1432 617 1483 quid
651 1444 735 1470 mea
768 1432 842 1470 fata
875 1429 1010 1482 pede?

162 1492 246 1531 Vidi
279 1504 350 1543 ego
370 1523 380 1543 ‚
413 1492 659 1542 naufragium
692 1492 759 1541 qui
791 1491 907 1542 risit,
939 1492 978 1528 in
1012 1502 1183 1542 aequore
1215 1492 1361 1543 mergi,

162 1551 212 1590 Et
242 1547 493 1602 ‘Numquam’
526 1550 606 1588 dixi
638 1546 793 1588 ‘iustior
826 1549 929 1588 unda
962 1546 1070 1588 fuit?

162 1610 256 1648 Vilia
290 1611 356 1660 qui
389 1608 585 1660 quondam
617 1609 771 1646 miseris
805 1607 986 1646 alimenta
1017 1614 1200 1660 negarat,

164 1668 274 1707 Nunc
308 1668 528 1707 mendicato
562 1668 735 1718 pascitur
767 1668 851 1717 ipse
885 1666 995 1705 cibo.

101 1735 142 1766 15
165 1727 348 1766 Passibus
381 1726 572 1777 ambiguis
605 1725 776 1764 Fortuna
809 1724 988 1764 volubilis
1021 1732 1127 1765 errat

164 1785 212 1825 Et
244 1792 375 1825 manet
407 1787 445 1824 in
479 1784 584 1824 nullo
618 1791 725 1823 certa
757 1790 951 1835 tenaxque
984 1783 1094 1836 loco,

165 1844 241 1884 Sed
275 1844 388 1883 modo
429 1843 525 1883 laeta
565 1844 700 1894 venit,
732 1842 862 1881 vultus
895 1842 1008 1881 modo
1049 1844 1167 1883 sumit
1199 1842 1386 1896 acerbos,

165 1903 213 1942 Et
246 1910 397 1942 tantum
430 1910 614 1942 constans
645 1903 685 1940 in
717 1901 872 1940 levitate
906 1914 974 1940 sua
1008 1908 1089 1942 est.

164 1961 243 2001 Nos
276 1974 432 2012 quoque
465 1962 670 2000 floruimus
690 1992 699 2010 ‚
732 1960 799 1999 sed
833 1960 904 1999 nos
938 1967 1022 1998 erat
1052 1960 1115 1999 ille
1149 1960 1344 2012 caducus,

99 2028 144 2059 20
167 2020 415 2071 Flammaque
449 2020 496 2059 de
529 2019 669 2071 stipula
703 2024 836 2058 nostra
869 2017 1078 2070 brevisque
1112 2019 1206 2058 suit.

163 2079 268 2118 Neve
301 2086 428 2118 tamen
463 2085 541 2117 tota
574 2079 702 2129 capias
735 2078 816 2116 fera
849 2077 986 2128 gaudia
1019 2083 1173 2117 mente:

164 2137 250 2177 Non
284 2145 340 2176 est
376 2137 551 2189 placandi
585 2149 675 2188 spes
707 2136 802 2175 mihi
834 2135 937 2174 nulla
971 2135 1056 2187 dei,

166 2196 232 2235 Vel
265 2198 354 2248 quia
388 2198 544 2248 peccavi
577 2198 673 2235 citra
707 2194 834 2234 scelus
854 2226 865 2246 ,
897 2200 1018 2245 utque
1050 2194 1200 2246 pudore

166 2254 251 2294 Non
284 2263 419 2306 earet,
451 2255 594 2294 invidia
627 2256 681 2293 sic
716 2265 799 2292 mea
833 2252 945 2304 culpa
978 2260 1108 2306 caret,

103 2322 145 2353 25
168 2312 233 2352 Vel
267 2315 356 2365 quia
389 2313 443 2353 nil
474 2317 611 2365 ingens
645 2313 690 2351 ad
723 2313 840 2351 finem
874 2311 965 2351 solis
998 2311 1044 2351 ab
1077 2317 1167 2351 ortu
