1570 2527
553 121 594 153 V.
620 129 683 153 ΧΠ
703 123 851 154 3—xm
871 122 902 154 3.
1342 117 1397 158 99

176 229 226 269 Et
257 229 424 268 fecunda
456 229 548 268 facit
577 233 738 280 pectora
770 228 895 267 laudis
927 240 1058 267 arnor.

177 288 354 327 Nominis
387 293 426 326 et
457 287 581 326 famae
614 287 809 338 quondam
843 286 994 338 fulgore
1026 285 1232 337 trahebar,

111 356 155 386 40
176 347 275 386 Dum
307 346 397 385 tulit
428 351 630 385 antemnas
662 357 756 384 aura
788 345 959 384 secunda
991 357 1120 383 meas.

177 405 263 444 Non
294 405 390 443 adeo
423 410 483 443 est
514 404 614 443 bene
646 416 752 442 nunc
771 435 782 456 ‚
815 410 858 443 ut
890 405 941 442 sit
972 403 1067 442 mihi
1099 403 1221 454 gloria
1256 413 1398 441 curae:

179 464 220 503 Si
251 464 394 515 liceat,
427 463 524 502 nulli
557 464 736 514 cognitus
770 474 856 501 esse
889 462 1027 501 velim.

176 522 235 561 An
268 524 358 573 quia
390 527 597 561 cesserunt
627 523 754 573 primo
785 521 885 560 hene
919 522 1119 573 carmina,
1152 519 1292 559 suades

179 580 361 619 Scribere
382 612 393 633 ,
425 592 634 620 successus
666 586 710 619 ut
743 592 885 631 sequar
916 582 1000 632 ipse
1033 576 1175 618 meos?

112 649 157 679 45
177 639 307 691 Pace,
338 651 507 691 novem,
539 645 667 678 vestra
699 639 814 677 liceat
846 638 990 678 dixisse
1010 670 1020 690 ‚
1053 649 1234 676 sorores:

179 697 254 736 Vos
287 700 381 737 estis
415 704 572 737 nostrae
604 699 769 736 maxima
803 709 919 736 causa
951 698 1088 748 fugae.

176 756 305 808 thue
337 756 445 794 dedit
474 758 598 795 iustas
631 757 733 795 tauri
765 755 975 794 fabricator
1008 756 1118 807 aeni,

178 814 242 854 Sic
275 827 346 866 ego
379 814 428 853 do
460 827 606 866 poenas
639 813 790 853 artibus
822 816 906 865 ipse
937 815 1058 852 meis.

176 873 239 913 Nil
270 873 366 912 mihi
398 873 565 913 debebat
597 885 687 912 cum
719 873 900 911 versibus
933 872 1098 923 amplius
1131 884 1242 923 esse,

113 941 157 971 50
178 932 275 971 Cum
307 933 485 983 fugerem
505 964 516 985 ,
547 934 688 971 merito
722 932 965 983 naufragus,
997 942 1112 969 omne
1144 931 1311 969 fretum.

176 991 253 1043 At,
284 996 380 1043 puto
399 1022 411 1040 ‚
442 992 476 1030 si
508 991 670 1030 demens
703 991 876 1030 studium
908 989 1021 1030 fatale
1054 994 1312 1040 retemptem,

177 1049 250 1089 Hic
283 1050 377 1088 mihi
408 1049 613 1101 praebebit
644 1051 830 1089 carminis
862 1061 968 1088 arma
999 1048 1135 1087 locus.

178 1108 264 1147 Non
290 1108 390 1147 liber
416 1109 480 1147 hic
505 1108 630 1160 ullus,
655 1121 755 1160 non,
783 1110 850 1159 qui
876 1108 971 1147 mihi
997 1106 1219 1146 commodet
1245 1117 1401 1157 aurem,

177 1166 383 1218 Verbaque
416 1168 639 1218 significent
671 1167 764 1218 quid
797 1179 883 1206 mea
902 1198 913 1218 ‚
945 1168 1079 1217 norit,
1111 1165 1243 1204 adest.

115 1233 158 1264 55
180 1225 319 1264 Omnia
351 1225 555 1265 barbariae
587 1226 671 1265 loca
704 1232 797 1265 sunt
827 1227 1012 1276 vocisque
1047 1225 1218 1276 ferinae,

178 1283 395 1335 Omniaque
428 1284 580 1324 hostilis
612 1284 725 1336 plena
757 1286 898 1324 timore
931 1285 1040 1323 soni.

177 1342 265 1394 Ipse
297 1343 392 1382 mihi
424 1343 558 1382 videor
583 1345 660 1382 iam
692 1343 926 1382 dedidicisse
958 1342 1118 1381 Latine:

177 1401 275 1440 Nam
307 1402 426 1440 didici
457 1402 591 1441 Getice
626 1402 919 1452 Sarmaticeque
952 1401 1083 1452 loqui.

179 1459 260 1499 Nec
291 1465 420 1499 tamen
439 1491 450 1512 ‚
483 1466 527 1500 ut
558 1473 694 1499 verum
727 1461 849 1499 fatear
881 1459 951 1498 tibi
970 1491 981 1511 ‚
1013 1464 1147 1497 nostra
1178 1459 1306 1497 teneri

115 1527 159 1557 60
179 1519 210 1557 A
243 1518 512 1570 componendo
545 1521 716 1558 carmine
749 1519 859 1557 Musa
889 1523 1041 1569 potest.

181 1577 399 1617 Scribimus
432 1583 471 1617 et
503 1580 671 1629 scriptos
703 1577 946 1616 absumimus
978 1578 1068 1628 igne
1100 1574 1275 1614 libellos:

179 1635 320 1675 Exitus
352 1642 412 1675 est
445 1636 565 1676 studii
595 1648 713 1688 parva
745 1635 872 1675 favilla
904 1637 1005 1674 mei.

179 1694 260 1733 Nec
292 1707 453 1746 possum
485 1702 524 1734 et
555 1696 670 1746 cupio
703 1707 782 1734 non
814 1693 942 1733 nullos
974 1694 1119 1733 ducere
1153 1705 1313 1732 versus:

178 1753 345 1792 Ponitur
376 1753 524 1792 idcirco
556 1759 690 1792 noster
721 1755 762 1792 in
793 1754 883 1805 igne
914 1753 1048 1804 labor,

117 1820 159 1852 65
179 1811 260 1851 Nec
292 1813 368 1851 nisi
398 1824 490 1863 pars
523 1824 616 1851 casu
647 1812 812 1851 fiammis
845 1818 979 1863 erepta
1011 1811 1147 1850 dolove

179 1871 237 1909 Ad
269 1883 336 1909 vos
369 1873 515 1922 ingenii
546 1873 725 1922 pervenit
756 1871 834 1910 ulla
865 1872 965 1909 mei.

182 1929 246 1968 Sic
278 1931 427 1968 utinam
446 1961 457 1982 ,
489 1942 588 1981 quae
620 1930 675 1969 nil
708 1935 949 1969 metuentem
980 1928 1056 1968 tale
1089 1929 1318 1979 magistrum

180 1987 385 2041 Perdidit,
416 1990 457 2027 in
489 1989 642 2028 cineres
674 1989 748 2027 Ars
780 1999 865 2027 mea
898 1999 1010 2026 versa
1041 1986 1165 2026 foret!

665 2116 793 2163 XIII.

182 2221 290 2261 Hanc
322 2227 414 2262 tuus
447 2234 468 2261 e
500 2221 634 2261 Getico
666 2223 786 2260 mittit
817 2220 888 2260 tibi
919 2219 1020 2259 Naso
1054 2220 1217 2260 salutem
1236 2252 1247 2272 ‚

181 2280 336 2320 Mittere
368 2283 402 2320 si
433 2282 639 2332 quisquam
659 2311 669 2331 ,
703 2292 779 2330 quo
812 2284 920 2318 caret
950 2280 1033 2331 ipse
1053 2311 1064 2331 ‚
1095 2285 1245 2330 potest.

181 2339 307 2389 Aeger
339 2341 442 2379 enim
475 2341 575 2378 traxi
607 2340 784 2388 contagia
816 2350 981 2389 corpore
1014 2339 1180 2389 mentis,

1142 2403 1189 2438 7²5<
