1570 2527
173 114 259 155 242
714 115 969 147 FASTORUM

350 224 512 274 Altaque
546 222 742 262 Troezene
775 224 1080 275 Parrhasiaeque
1114 225 1243 263 nives.
1454 247 1502 253 -—

291 282 369 321 Pan
404 288 487 319 erat
518 284 711 328 armenti,
743 282 822 320 Pan
854 282 933 321 illic
965 294 1110 321 numen
1143 294 1354 334 equarum,

351 340 491 378 Munus
523 339 572 377 ob
604 340 819 378 incolumes
851 340 914 379 ille
948 340 1098 379 serebat
1129 353 1242 379 oves,

291 398 506 436 Transtulit
538 397 716 436 Evander
748 399 938 437 silvestria
970 400 1129 437 numina
1161 411 1313 438 secum.

205 465 271 496 ‘280
352 456 422 494 llic
442 488 452 507 ‚
484 456 551 494 ubi
583 469 687 495 nunc
720 456 821 495 Urbs
853 463 940 508 est,
974 463 1056 495 tum
1087 456 1198 495 locus
1228 457 1338 496 urbis
1371 463 1476 497 erat.

291 514 385 553 Inde
418 514 534 553 deum
567 515 731 553 colimus
764 515 999 565 devectaque
1032 527 1140 554 sacra
1172 515 1367 566 Pelasgis:

354 573 511 611 Flamen
543 573 588 611 ad
621 573 716 611 haec
748 575 878 625 prisco
910 585 1018 612 more
1052 573 1168 612 Dialis
1201 579 1305 613 erat.

291 632 370 670 Cur
402 633 522 681 igitur
548 638 737 682 currant,
770 637 809 670 et
834 644 905 670 cur
931 653 973 658 -
1001 633 1057 670 sic
1084 644 1244 671 currere
1270 644 1353 671 mos
1380 638 1439 671 est
1465 654 1506 659 —

350 689 459 728 Nuda
494 691 620 728 serant
651 693 775 741 posita
808 702 973 741 corpora
1006 697 1112 729 veste
1132 722 1142 741 ,
1174 688 1322 741 rogas?

204 757 270 788 285
293 749 377 799 lpse
412 748 508 786 deus
540 749 650 787 velox
683 749 905 787 discurrere
938 749 1080 799 gaudet
1111 750 1151 787 in
1183 749 1270 788 altis

350 806 547 846 Montibus
566 839 577 859 ,
609 813 648 846 et
679 807 827 846 subitas
859 809 1029 858 concipit
1060 809 1142 858 ipse
1174 808 1307 860 sugas;
1454 828 1503 835 —

290 865 377 917 Ipse
410 866 508 904 deus
539 865 668 904 nudus
701 866 825 904 nudos
858 865 966 904 iubet
997 868 1054 904 ire
1087 867 1311 917 ministros3

350 924 430 962 Nec
463 926 556 962 satis
588 924 633 962 ad
668 937 807 963 cursus
840 923 1041 962 commoda
1074 926 1192 963 vestis
1224 930 1331 964 erat.

292 983 389 1021 Ante
422 981 550 1020 Iovem
582 984 756 1033 genitum
789 988 915 1021 terras
946 982 1128 1021 habuisse
1161 983 1342 1021 seruntur

205 1049 272 1080 290
352 1040 521 1079 Arcades
541 1072 551 1092 ,
584 1047 622 1079 et
654 1041 742 1079 luna
775 1053 870 1091 gens
902 1042 1010 1091 prior
1040 1041 1104 1079 illa
1137 1041 1232 1079 suit.

290 1098 373 1137 Vita
408 1100 501 1137 seris
533 1099 700 1150 similis,
734 1099 860 1137 nullos
892 1100 1031 1149 agitata
1063 1110 1134 1149 per
1166 1111 1284 1137 usus:

350 1158 455 1195 Artis
487 1158 612 1195 adhuc
645 1169 784 1208 expers
816 1163 856 1196 et
887 1157 983 1195 rude
1017 1157 1152 1207 volgus
1185 1162 1289 1196 erat.

290 1215 365 1254 Pro
399 1215 578 1254 domibus
610 1216 768 1254 frondes
800 1220 969 1267 norant,
1000 1227 1072 1266 pro
1104 1214 1283 1265 frugibus
1313 1214 1476 1267 herbas,

350 1273 491 1312 Nectar
523 1280 606 1312 erat
637 1274 774 1325 palmis
806 1274 943 1312 hausta
976 1273 1126 1312 duabus
1158 1286 1278 1324 aqua.

204 1340 271 1371 295
291 1332 430 1370 Nullus
463 1331 667 1371 anhelabat
698 1332 771 1370 sub
803 1332 953 1371 adunco
986 1344 1141 1370 vomere
1173 1337 1332 1385 taurus,

349 1390 460 1428 Nulla
493 1390 565 1428 sub
597 1392 760 1442 imperio
792 1397 896 1429 terra
929 1390 1091 1429 colentis
1123 1396 1231 1429 erat:

290 1447 429 1486 Nullus
461 1448 587 1487 adhuc
620 1456 704 1487 erat
735 1461 830 1488 usus
863 1451 977 1500 equi3
1013 1460 1054 1487 se
1088 1450 1253 1500 quisque
1285 1448 1458 1488 ferebat:

349 1506 432 1544 [bat
463 1509 545 1545 ovis
577 1507 662 1545 lana
695 1520 838 1558 corpus
870 1509 1008 1546 amicta
1041 1519 1133 1545 sua.

293 1564 373 1603 Sub
406 1564 494 1603 love
527 1565 719 1604 durabant
751 1573 790 1604 et
821 1578 983 1617 corpora
1015 1565 1117 1604 nuda
1149 1564 1358 1616 gerebant,

203 1632 269 1662 300
350 1623 468 1662 Docta
499 1636 638 1674 graves
670 1624 816 1663 imbres
849 1630 888 1663 et
918 1623 1086 1663 tolerare
1118 1630 1253 1663 notos.

290 1681 401 1719 Nunc
435 1695 590 1733 quoque
623 1683 766 1721 detecti
799 1684 977 1721 referunt
1009 1684 1245 1721 monimenta
1277 1683 1418 1721 vetusti

350 1739 498 1790 Moris,
531 1746 569 1778 et
601 1743 779 1791 antiquas
811 1742 1070 1779 testificantur
1102 1753 1219 1790 opeS.

291 1797 366 1835 Sed
401 1810 471 1835 cur
501 1800 709 1848 praecipue
743 1799 864 1848 fugiat
896 1798 1080 1836 velamina
1114 1797 1294 1850 Faunus,

349 1855 534 1894 Traditur
566 1858 714 1907 antiqui
746 1856 872 1894 fabula
904 1856 1017 1906 plena
1048 1857 1146 1894 ioci.

203 1924 270 1954 305
293 1914 409 1953 Forte
443 1927 573 1953 comes
605 1914 783 1953 dominae
814 1916 965 1953 iuvenis
997 1914 1225 1965 Tirynthius
1256 1913 1357 1952 ibat:

350 1973 451 2011 Vidit
483 1973 529 2012 ab
563 1973 716 2012 excelso
749 1973 905 2012 Faunus
937 1979 1148 2023 utrumque
1180 1974 1293 2023 iugo.

294 2031 423 2082 Vidit,
457 2038 496 2070 et
526 2032 714 2082 incaluit,
747 2029 1049 2083 emontana'que
1083 2027 1306 2081 ‘numina‚'
1339 2030 1434 2068 dixit

351 2088 431 2127 ‘Nu
466 2090 558 2128 mihi
591 2090 789 2128 vobiscum
822 2096 897 2128 est:
941 2089 1003 2128 hic
1037 2101 1147 2128 meus
1179 2088 1294 2127 ardor
1326 2084 1442 2126 erit.’

292 2148 376 2186 Ibat
408 2148 578 2187 odoratis
612 2161 768 2187 umeros
800 2149 957 2199 perfusa
990 2147 1136 2198 capillis

204 2215 271 2245 310
350 2207 520 2245 Maeonis
540 2239 550 2257 ,
582 2213 716 2246 aurato
749 2206 1022 2258 conspicienda
1053 2207 1165 2244 sinu:

292 2267 418 2303 Aurea
451 2265 646 2316 pellebant
678 2266 828 2316 tepidos
859 2264 1083 2304 umbracula
1116 2263 1239 2315 soles,

352 2323 456 2366 Quae
490 2330 617 2362 tamen
650 2323 863 2362 Herculeae
896 2324 1118 2362 sustinuere
1151 2333 1309 2361 manus.
