1570 2527
599 111 645 144 H.
673 112 845 144 63—135.
1338 109 1395 150 25

170 219 312 259 Ultima
345 230 405 257 me
438 218 638 270 perdunt,
671 219 829 269 imoque
862 217 935 256 sub
967 229 1137 269 aequore
1172 219 1314 270 mergit

87 277 414 318 1001ncolumem
446 278 591 316 totiens
622 288 700 315 una
732 276 902 327 procella
934 281 1079 315 ratem.

171 336 251 375 Nec
283 335 378 374 mihi
409 347 501 386 pars
533 335 670 374 nocuit
701 334 749 372 de
787 336 941 385 gurgite
974 346 1089 385 parva
1109 365 1120 387 ‚
1159 334 1227 373 sed
1260 346 1395 373 omnes

172 394 359 433 Pressere
391 393 467 432 hoc
498 393 642 432 fluctus
674 405 923 444 oceanusque
957 399 1095 444 caput.

172 452 251 492 Cur
284 452 429 503 aliquid
462 449 577 490 vidi?
616 463 687 490 cur
719 453 833 490 noxia
865 451 1010 490 lumina
1043 449 1152 490 feci?

174 511 253 550 Cur
283 510 526 561 imprudenti
558 511 713 560 cognita
745 509 859 561 culpa
890 507 1019 548 mihi?

88 578 151 609 105
173 569 326 608 Inscius
358 569 529 608 Actaeon
560 568 656 607 vidit
688 569 771 607 sine
803 573 912 607 veste
944 567 1131 608 Dianam:

171 627 320 666 Praeda
352 628 426 666 suit
457 626 619 666 canibus
651 638 730 665 non
763 629 892 665 minus
925 626 988 665 1116
1022 628 1130 665 suis.

175 686 334 724 Scilicet
364 687 405 724 in
438 686 593 736 superis
625 686 742 723 etiam
775 686 931 724 fortuna
962 684 1104 723 luenda
1136 690 1218 737 est,

171 743 253 782 Nec
286 745 437 782 veniam
468 743 571 781 laeso
606 744 765 781 numine
799 755 912 781 casus
944 742 1084 781 habet.

171 801 238 840 Illa
269 806 403 840 nostra
435 800 497 840 die
516 832 526 852 ‚
559 812 635 851 qua
668 812 729 839 me
761 801 886 839 malus
918 800 1079 839 abstulit
1110 812 1247 852 error,

86 869 152 900 110
173 860 295 899 Parva
329 859 486 911 quidem
518 860 664 910 periit,
698 859 766 898 sed
799 860 882 897 sine
915 858 1000 897 labe
1033 859 1196 897 domus:

175 918 240 958 Sic
273 930 429 970 quoque
462 930 579 970 parva
611 923 742 956 tamen
761 949 772 969 ,
803 918 930 968 patrio
963 917 1116 956 dicatur
1148 922 1193 956 ut
1224 929 1315 955 arvo

173 977 284 1016 Clara
315 989 389 1016 nec
421 977 538 1016 ullius
572 975 772 1015 nobilitate
806 977 958 1028 minor,

173 1035 223 1075 Et
254 1048 382 1087 neque
416 1035 560 1074 divitiis
594 1047 666 1073 nec
698 1040 930 1086 paupertate
963 1033 1155 1086 notanda;

175 1094 303 1144 [Unde
336 1095 387 1132 sit
418 1096 457 1132 in
490 1099 677 1132 neutrum
711 1092 1013 1144 conspiciendus
1046 1104 1190 1143 eques.

88 1161 152 1192 115
176 1153 217 1191 Si
249 1164 406 1204 quoque
438 1164 556 1203 parva
588 1151 728 1189 domus
760 1151 820 1189 vel
852 1163 973 1189 censu
1006 1157 1141 1190 nostra
1172 1150 1233 1189 vel
1266 1156 1351 1190 astu
1368 1150 1397 1203 ,]

174 1211 334 1262 Ingenio
367 1216 475 1249 certe
508 1222 586 1248 non
617 1209 711 1248 latet
742 1209 805 1247 1113
838 1221 948 1248 meo.

175 1269 260 1314 Quo
293 1269 426 1307 videar
459 1269 635 1319 quamvis
667 1269 831 1306 nimium
863 1266 1096 1306 iuvenaliter
1128 1279 1249 1319 usus,

178 1327 331 1366 Grande
365 1333 495 1366 tamen
527 1331 609 1365 toto
641 1338 784 1364 nomen
817 1325 864 1364 ab
898 1325 993 1364 orbe
1027 1327 1135 1378 sero,

175 1385 386 1437 Turbaque
419 1385 626 1424 doctorum
657 1383 853 1423 Nasonem
884 1385 992 1423 novit
1024 1390 1062 1422 et
1094 1383 1212 1423 audet

90 1452 157 1483 120
177 1443 263 1482 Non
295 1443 477 1482 fastiditis
509 1443 767 1481 adnumerare
799 1443 917 1480 viris.

177 1502 338 1540 Corruit
368 1502 464 1540 11366
495 1502 615 1551 igitur
647 1500 768 1539 Musis
801 1505 988 1552 accepta,
1021 1499 1093 1539 sub
1127 1512 1229 1553 uno,

178 1560 255 1598 Sed
288 1571 366 1598 non
400 1561 540 1610 exiguo
573 1560 737 1597 crimine
768 1558 903 1610 lapsa,
936 1558 1099 1598 domus:

176 1620 304 1669 Atque
337 1630 381 1656 ea
413 1619 468 1656 sic
500 1617 606 1668 lapsa
638 1623 727 1668 est,
765 1622 809 1656 ut
840 1629 1003 1668 surgere
1022 1648 1034 1669 ‚
1066 1618 1099 1656 si
1131 1617 1245 1656 modo
1279 1617 1373 1656 laesi

177 1676 448 1715 Ematuruerit
480 1675 656 1714 Caesaris
688 1677 745 1714 ira
764 1707 774 1727 ‚
808 1682 947 1726 queat:

92 1742 157 1774 125
179 1734 301 1774 Cuius
333 1735 372 1773 in
405 1739 547 1773 eventu
579 1745 728 1785 poenae
762 1733 969 1772 clementia
1000 1738 1106 1773 tanta
1139 1739 1221 1787 est,

178 1792 339 1832 Venerit
369 1798 415 1831 ut
445 1798 579 1831 nostro
612 1792 737 1831 lenior
768 1792 832 1830 illa
864 1798 994 1831 metu.

176 1850 263 1891 Vita
295 1851 382 1890 data
415 1856 475 1890 est
492 1882 503 1903 7
535 1852 710 1901 citraque
744 1862 882 1889 necem
913 1856 980 1889 tua
1012 1851 1189 1889 constitit
1219 1851 1301 1903 ira,

177 1909 209 1949 Ο
242 1911 427 1961 princeps
459 1921 577 1960 parce
610 1908 759 1948 viribus
793 1921 862 1948 use
894 1908 995 1948 tuis!

177 1967 343 2019 Insuper
375 1967 596 2019 accedunt,
628 1973 666 2006 te
699 1979 777 2006 non
810 1967 1004 2006 adimente
1023 1998 1034 2019 ‚
1065 1973 1278 2019 paternae,

91 2035 157 2066 130
177 2026 392 2077 Tamquam
424 2027 500 2064 vita
531 2038 670 2077 parum
702 2027 878 2064 muneris
911 2030 1044 2073 esset,
1077 2037 1195 2075 opeS.

178 2084 259 2123 Nec
291 2096 376 2123 mea
408 2084 567 2123 decreto
601 2083 794 2122 damnasti
826 2084 925 2122 facta
957 2088 1140 2135 senatus,

178 2142 259 2181 Nec
291 2155 376 2181 mea
409 2142 554 2181 selecto
586 2142 716 2181 iudice
748 2143 853 2180 iussa
886 2141 976 2190 fuga
1008 2146 1090 2180 est:

180 2200 378 2240 Tristibus
410 2202 588 2239 invectus
621 2199 750 2238 verbis
780 2221 830 2226 —
866 2201 917 2237 ita
950 2200 1127 2250 principe
1160 2199 1321 2250 dignum
1348 2221 1403 2228 —-

181 2258 292 2298 Ultus
325 2271 366 2297 es
401 2260 569 2297 offensas
588 2289 599 2309 ‚
631 2264 675 2297 ut
707 2257 848 2309 decet,
880 2259 963 2308 ipse
997 2263 1108 2296 tuas.

93 2325 159 2356 135
180 2316 287 2356 Adde
307 2348 318 2369 ‚
351 2317 454 2368 quod
487 2317 658 2356 edictum
678 2347 688 2367 ‚
722 2317 898 2367 quamvis
928 2317 1077 2355 immite
1110 2317 1341 2369 minaxque,
