1570 2527
465 118 530 150 EX
553 117 711 151 PONTo
737 118 763 151 1.
791 125 807 150 1
829 119 953 150 1-32.
1296 115 1376 157 121

297 280 378 334 EX
416 279 612 334 PONTO
650 280 835 365 LIBER
871 278 1120 334 PRIMUS.

693 414 729 462 Ι.

157 518 259 559 Naso
292 519 517 558 Tomitanae
549 520 626 558 iam
658 531 737 558 non
768 531 894 558 novus
925 518 1052 558 incola
1083 523 1212 557 terrae
1343 528 1383 559 (ι)

216 577 299 617 Hoc
332 577 402 617 tibi
435 577 482 616 de
516 577 650 617 Getico
682 577 796 617 litore
829 579 949 616 mittit
980 590 1101 629 opus.

161 636 202 675 Si
235 642 373 688 vacat,
404 636 575 687 hospitio
607 638 837 688 peregrinos
857 667 868 688 ,
899 636 1020 674 Brute
1043 667 1053 687 ‚
1085 635 1236 674 libellos

216 694 362 746 Excipe
381 725 392 747 ‚
425 695 596 745 dumque
630 695 759 746 aliquo
778 727 790 747 7
822 694 998 746 quolibet
1029 694 1126 733 abde
1158 695 1267 734 loco.

118 762 137 792 5
157 753 319 793 Publica
351 765 430 791 non
463 753 609 792 audent
639 755 742 792 intra
774 755 1013 791 monimenta
1045 755 1207 805 venire,

216 811 274 850 Ne
306 823 402 851 suus
434 811 508 849 hoc
541 811 617 849 illis
649 811 836 850 clauserit
867 817 1004 850 auctor
1037 813 1135 850 iter.

157 869 212 909 A!
246 871 428 922 quotiens
461 869 541 908 dixi
574 866 697 908 ‘certe
729 869 784 908 nil
815 875 931 920 turpe
964 870 1137 909 docetis:

217 928 274 968 Ite
293 960 305 981 ,
336 933 443 980 patet
475 929 593 967 castis
625 927 805 978 versibus
838 928 902 966 ille
934 925 1090 967 locusl’

158 987 244 1026 Non
277 994 408 1026 tamen
440 987 662 1039 accedunt,
695 987 763 1026 sed
781 1019 793 1038 ,
826 992 871 1026 ut
902 988 1044 1037 aspicis
1077 988 1160 1038 ipse
1179 1019 1190 1039 ‚
1222 986 1343 1026 latere

97 1055 140 1086 10
221 1045 302 1086 Sub
334 1045 415 1084 lare
447 1047 598 1096 privato
631 1047 756 1085 tutius
789 1058 875 1084 esse
906 1050 1072 1097 putant.

161 1105 327 1151 Quaeris
346 1135 357 1157 ‚
389 1103 458 1143 ubi
489 1104 560 1143 hos
591 1106 719 1156 possis
752 1104 859 1143 nullo
892 1116 1128 1155 componere
1161 1102 1302 1143 laeso?

220 1163 305 1210 Qua
336 1168 527 1202 steterant
557 1163 672 1202 Artes
691 1195 702 1215 ‚
734 1175 824 1214 pars
858 1169 966 1202 vacat
997 1162 1061 1201 illa
1093 1162 1188 1202 tibi.

164 1221 265 1268 Quid
298 1223 483 1273 veniant,
516 1223 688 1260 novitate
720 1233 835 1272 roges
867 1222 1033 1260 sortasse
1067 1221 1139 1260 sub
1171 1224 1272 1273 ipsa.

220 1282 388 1333 Accipe,
414 1280 690 1332 quodcumque
718 1286 800 1332 est3
833 1280 1043 1319 dummodo
1071 1292 1148 1318 non
1182 1283 1232 1319 sit
1263 1292 1388 1319 amor.

99 1347 142 1379 15
161 1339 342 1378 Invenies
361 1370 372 1390 ‚
405 1341 580 1389 quamvis
613 1351 692 1378 non
724 1344 784 1377 est
815 1338 1049 1378 miserabilis
1082 1338 1222 1389 index,

220 1397 307 1436 Non
338 1399 469 1437 minus
500 1398 575 1436 hoc
606 1397 672 1436 illo
705 1399 817 1436 triste
837 1428 848 1448 ,
881 1398 984 1449 quod
1017 1404 1106 1436 ante
1140 1397 1252 1436 dedi.

162 1456 296 1495 Rebus
328 1455 431 1495 idem
451 1487 462 1507 ‚
494 1455 608 1495 titulo
641 1456 802 1508 differt3
834 1461 872 1494 et
904 1455 1068 1506 epistola
1087 1487 1098 1507 ‚
1130 1457 1194 1495 cui
1226 1457 1277 1495 sit

222 1514 308 1553 Non
342 1514 536 1553 occultato
569 1516 726 1553 nomine
759 1516 906 1566 missa,
940 1515 1076 1553 docet.

163 1573 243 1612 Nec
276 1585 343 1612 vos
374 1573 448 1612 hoc
481 1572 628 1612 vultis:
672 1573 740 1612 sed
773 1585 845 1612 nec
877 1573 1089 1624 prohibere
1121 1575 1311 1625 potestiS‚

101 1641 144 1672 20
224 1632 412 1683 Musaque
445 1632 491 1670 ad
523 1633 666 1670 invitos
697 1632 872 1670 officiosa
904 1633 1033 1671 venit.

165 1690 364 1741 Quidquid
390 1690 428 1729 id
450 1696 532 1741 est,
559 1691 725 1741 adiunge
747 1692 866 1729 meis.
917 1690 1014 1729 nihil
1038 1690 1203 1742 impedit
1222 1696 1330 1730 ortos
1352 1700 1390 1730 (2)

223 1748 347 1788 Exule
380 1751 543 1792 servatis
575 1748 727 1799 legibus
760 1748 864 1787 Urbe
896 1750 998 1788 frui.

166 1808 279 1854 Quod
305 1814 456 1847 metuas
482 1819 561 1846 non
587 1813 675 1846 est.
719 1808 865 1847 Antoni
892 1809 1037 1858 scripta
1069 1808 1279 1860 leguntur,

224 1866 372 1906 Doctus
404 1872 443 1905 et
473 1867 513 1905 in
546 1872 731 1917 promptu
765 1868 909 1905 scrinia
940 1866 1088 1906 Brutus
1121 1867 1260 1906 habet.

103 1933 146 1965 25
167 1925 247 1964 Nec
280 1937 342 1964 me
374 1924 598 1964 nominibus
632 1926 805 1964 furiosus
838 1926 998 1964 confero
1030 1927 1173 1965 tantis:

228 1983 349 2023 Saeva
381 1984 475 2022 deos
508 1989 643 2023 contra
675 1996 754 2022 non
786 1989 918 2023 tamen
950 1996 1056 2023 arma
1088 1984 1184 2023 tuli.

167 2042 343 2094 Denique
377 2042 567 2082 Caesareo
587 2073 598 2094 ‚
631 2042 734 2094 quod
767 2054 846 2081 non
879 2042 1077 2081 desiderat
1108 2044 1215 2094 ipse,

225 2100 312 2140 Non
345 2106 453 2140 caret
485 2114 505 2140 e
537 2103 685 2140 nostris
719 2100 819 2140 ullus
851 2100 1002 2139 honore
1032 2100 1156 2140 liber.

169 2160 211 2199 Si
242 2159 397 2199 dubitas
429 2161 476 2199 de
509 2171 569 2198 me
589 2192 600 2212 ‚
632 2159 767 2199 laudes
799 2159 960 2198 admitte
992 2159 1181 2212 deorum,

105 2227 147 2258 30
227 2218 277 2257 Et
309 2230 467 2258 carmen
500 2218 657 2270 dempto
690 2219 847 2257 nomine
881 2229 992 2256 sume
1026 2230 1179 2257 meum.

168 2278 334 2317 Adiuvat
365 2279 405 2316 in
437 2277 537 2316 bello
570 2283 728 2329 pacatae
762 2288 894 2315 ramus
927 2276 1073 2316 olivae:

226 2335 408 2375 Proderit
440 2342 641 2375 auctorem
672 2337 780 2387 pacis
812 2335 956 2375 habere
989 2333 1121 2374 nihil?
