<?xml version="1.0" encoding="UTF-8"?>
<!DOCTYPE html PUBLIC "-//W3C//DTD XHTML 1.0 Transitional//EN"
    "http://www.w3.org/TR/xhtml1/DTD/xhtml1-transitional.dtd">
<html xmlns="http://www.w3.org/1999/xhtml" xml:lang="en" lang="en">
 <head>
  <title>
</title>
<meta http-equiv="Content-Type" content="text/html;charset=utf-8" />
  <meta name='ocr-system' content='tesseract 3.04.00' />
  <meta name='ocr-capabilities' content='ocr_page ocr_carea ocr_par ocr_line ocrx_word'/>
</head>
<body>
  <div class='ocr_page' id='page_1' title='image "./ovidopera03oviduoft_0070.png"; bbox 0 0 1570 2527; ppageno 0'>
   <div class='ocr_carea' id='block_1_1' title="bbox 206 119 979 161">
    <p class='ocr_par' dir='ltr' id='par_1_1' title="bbox 206 119 979 161">
     <span class='ocr_line' id='line_1_1' title="bbox 206 119 979 161; baseline 0 -9"><span class='ocrx_word' id='word_1_1' title='bbox 206 119 259 161; x_wconf 84' lang='lat'>16</span> <span class='ocrx_word' id='word_1_2' title='bbox 753 119 979 153; x_wconf 75' lang='lat' dir='ltr'>TRISTIUM</span> 
     </span>
    </p>
   </div>
   <div class='ocr_carea' id='block_1_2' title="bbox 257 227 1539 514">
    <p class='ocr_par' dir='ltr' id='par_1_2' title="bbox 321 227 1238 268">
     <span class='ocr_line' id='line_1_2' title="bbox 321 227 1238 268; baseline 0.002 -2"><span class='ocrx_word' id='word_1_3' title='bbox 321 228 390 266; x_wconf 89' lang='lat' dir='ltr'>His</span> <span class='ocrx_word' id='word_1_4' title='bbox 422 227 558 267; x_wconf 89' lang='lat' dir='ltr'>saltem</span> <span class='ocrx_word' id='word_1_5' title='bbox 590 233 719 266; x_wconf 91' lang='lat' dir='ltr'>vestra</span> <span class='ocrx_word' id='word_1_6' title='bbox 751 227 865 266; x_wconf 90' lang='lat' dir='ltr'>detur</span> <span class='ocrx_word' id='word_1_7' title='bbox 895 229 937 266; x_wconf 91' lang='lat' dir='ltr'>in</span> <span class='ocrx_word' id='word_1_8' title='bbox 968 227 1072 267; x_wconf 85' lang='lat' dir='ltr'><strong>Urbe</strong></span> <span class='ocrx_word' id='word_1_9' title='bbox 1105 227 1238 268; x_wconf 85' lang='lat' dir='ltr'>locus!</span> 
     </span>
    </p>

    <p class='ocr_par' dir='ltr' id='par_1_3' title="bbox 321 285 1539 341">
     <span class='ocr_line' id='line_1_3' title="bbox 321 285 1539 341; baseline 0.002 -16"><span class='ocrx_word' id='word_1_10' title='bbox 321 286 486 337; x_wconf 86' lang='lat' dir='ltr'>Quoque</span> <span class='ocrx_word' id='word_1_11' title='bbox 518 287 640 337; x_wconf 87' lang='lat' dir='ltr'>magis</span> <span class='ocrx_word' id='word_1_12' title='bbox 672 286 800 324; x_wconf 88' lang='lat' dir='ltr'>faveas</span> <span class='ocrx_word' id='word_1_13' title='bbox 819 317 830 338; x_wconf 86' lang='lat'>‚</span> <span class='ocrx_word' id='word_1_14' title='bbox 859 285 955 325; x_wconf 86' lang='lat' dir='ltr'>haec</span> <span class='ocrx_word' id='word_1_15' title='bbox 987 298 1065 325; x_wconf 90' lang='lat' dir='ltr'>non</span> <span class='ocrx_word' id='word_1_16' title='bbox 1098 292 1189 326; x_wconf 91' lang='lat' dir='ltr'>sunt</span> <span class='ocrx_word' id='word_1_17' title='bbox 1215 286 1319 326; x_wconf 84' lang='lat' dir='ltr'>edita</span> <span class='ocrx_word' id='word_1_18' title='bbox 1350 285 1398 326; x_wconf 89' lang='lat' dir='ltr'>ab</span> <span class='ocrx_word' id='word_1_19' title='bbox 1429 289 1539 341; x_wconf 88' lang='lat' dir='ltr'>ipso,</span> 
     </span>
    </p>

    <p class='ocr_par' dir='ltr' id='par_1_4' title="bbox 321 343 1211 395">
     <span class='ocr_line' id='line_1_4' title="bbox 321 343 1211 395; baseline 0 -12"><span class='ocrx_word' id='word_1_20' title='bbox 321 344 397 383; x_wconf 89' lang='lat' dir='ltr'>Sed</span> <span class='ocrx_word' id='word_1_21' title='bbox 431 345 540 395; x_wconf 82' lang='lat' dir='ltr'>quasi</span> <span class='ocrx_word' id='word_1_22' title='bbox 572 344 618 382; x_wconf 91' lang='lat' dir='ltr'>de</span> <span class='ocrx_word' id='word_1_23' title='bbox 651 343 798 382; x_wconf 89' lang='lat' dir='ltr'>domini</span> <span class='ocrx_word' id='word_1_24' title='bbox 828 344 966 383; x_wconf 86' lang='lat' dir='ltr'>funere</span> <span class='ocrx_word' id='word_1_25' title='bbox 997 350 1107 395; x_wconf 85' lang='lat' dir='ltr'>rapta</span> <span class='ocrx_word' id='word_1_26' title='bbox 1140 346 1211 383; x_wconf 92' lang='lat' dir='ltr'>sui.</span> 
     </span>
    </p>

    <p class='ocr_par' dir='ltr' id='par_1_5' title="bbox 257 402 1479 514">
     <span class='ocr_line' id='line_1_5' title="bbox 323 402 1479 456; baseline 0.003 -16"><span class='ocrx_word' id='word_1_27' title='bbox 323 402 516 452; x_wconf 84' lang='lat' dir='ltr'>Quicquid</span> <span class='ocrx_word' id='word_1_28' title='bbox 548 403 588 441; x_wconf 91' lang='lat' dir='ltr'>in</span> <span class='ocrx_word' id='word_1_29' title='bbox 619 402 680 441; x_wconf 92' lang='lat' dir='ltr'>his</span> <span class='ocrx_word' id='word_1_30' title='bbox 710 403 830 453; x_wconf 86' lang='lat' dir='ltr'>igitur</span> <span class='ocrx_word' id='word_1_31' title='bbox 862 403 944 441; x_wconf 90' lang='lat' dir='ltr'>vitii</span> <span class='ocrx_word' id='word_1_32' title='bbox 981 403 1078 441; x_wconf 90' lang='lat' dir='ltr'>rude</span> <span class='ocrx_word' id='word_1_33' title='bbox 1111 414 1268 443; x_wconf 87' lang='lat' dir='ltr'>carmen</span> <span class='ocrx_word' id='word_1_34' title='bbox 1299 403 1479 456; x_wconf 85' lang='lat' dir='ltr'>habebit,</span> 
     </span>
     <span class='ocr_line' id='line_1_6' title="bbox 257 458 1105 514; baseline 0.001 -15"><span class='ocrx_word' id='word_1_35' title='bbox 257 469 300 500; x_wconf 86' lang='lat'>40</span> <span class='ocrx_word' id='word_1_36' title='bbox 321 460 640 514; x_wconf 76' lang='lat' dir='ltr'>Emendaturus‚</span> <span class='ocrx_word' id='word_1_37' title='bbox 672 461 705 500; x_wconf 92' lang='lat' dir='ltr'>si</span> <span class='ocrx_word' id='word_1_38' title='bbox 735 460 941 513; x_wconf 84' lang='lat' dir='ltr'>licuisset,</span> <span class='ocrx_word' id='word_1_39' title='bbox 973 458 1105 500; x_wconf 65' lang='lat' dir='ltr'>eram?</span> 
     </span>
    </p>
   </div>
   <div class='ocr_carea' id='block_1_3' title="bbox 800 587 928 634">
    <p class='ocr_par' dir='ltr' id='par_1_6' title="bbox 800 587 928 634">
     <span class='ocr_line' id='line_1_7' title="bbox 800 587 928 634; baseline 0.008 -1"><span class='ocrx_word' id='word_1_40' title='bbox 800 587 928 634; x_wconf 91' lang='lat' dir='ltr'><strong>VIII.</strong></span> 
     </span>
    </p>
   </div>
   <div class='ocr_carea' id='block_1_4' title="bbox 257 692 1441 2376">
    <p class='ocr_par' dir='ltr' id='par_1_7' title="bbox 320 692 1398 921">
     <span class='ocr_line' id='line_1_8' title="bbox 320 692 1398 745; baseline 0.002 -13"><span class='ocrx_word' id='word_1_41' title='bbox 320 693 364 732; x_wconf 92' lang='lat' dir='ltr'>In</span> <span class='ocrx_word' id='word_1_42' title='bbox 398 698 515 745; x_wconf 90' lang='lat' dir='ltr'>caput</span> <span class='ocrx_word' id='word_1_43' title='bbox 544 692 619 732; x_wconf 90' lang='lat' dir='ltr'>alta</span> <span class='ocrx_word' id='word_1_44' title='bbox 651 704 766 732; x_wconf 89' lang='lat' dir='ltr'>suum</span> <span class='ocrx_word' id='word_1_45' title='bbox 798 692 978 732; x_wconf 85' lang='lat' dir='ltr'>labentur</span> <span class='ocrx_word' id='word_1_46' title='bbox 1010 692 1057 732; x_wconf 91' lang='lat' dir='ltr'>ab</span> <span class='ocrx_word' id='word_1_47' title='bbox 1089 705 1259 745; x_wconf 89' lang='lat' dir='ltr'>aequore</span> <span class='ocrx_word' id='word_1_48' title='bbox 1291 699 1398 734; x_wconf 89' lang='lat' dir='ltr'>retro</span> 
     </span>
     <span class='ocr_line' id='line_1_9' title="bbox 321 751 1320 805; baseline 0.001 -15"><span class='ocrx_word' id='word_1_49' title='bbox 321 752 530 804; x_wconf 83' lang='lat' dir='ltr'>Flumina,</span> <span class='ocrx_word' id='word_1_50' title='bbox 563 753 764 791; x_wconf 87' lang='lat' dir='ltr'>conversis</span> <span class='ocrx_word' id='word_1_51' title='bbox 798 751 940 802; x_wconf 85' lang='lat' dir='ltr'>Solque</span> <span class='ocrx_word' id='word_1_52' title='bbox 973 758 1154 790; x_wconf 87' lang='lat' dir='ltr'>recurret</span> <span class='ocrx_word' id='word_1_53' title='bbox 1185 754 1320 805; x_wconf 88' lang='lat' dir='ltr'>equis,</span> 
     </span>
     <span class='ocr_line' id='line_1_10' title="bbox 320 809 1334 863; baseline 0 -14"><span class='ocrx_word' id='word_1_54' title='bbox 320 810 442 849; x_wconf 87' lang='lat' dir='ltr'>Terra</span> <span class='ocrx_word' id='word_1_55' title='bbox 474 811 575 849; x_wconf 86' lang='lat' dir='ltr'>feret</span> <span class='ocrx_word' id='word_1_56' title='bbox 606 809 736 848; x_wconf 85' lang='lat' dir='ltr'>stellas</span> <span class='ocrx_word' id='word_1_57' title='bbox 755 841 765 861; x_wconf 91' lang='lat'><strong><em>,</em></strong></span> <span class='ocrx_word' id='word_1_58' title='bbox 797 809 947 848; x_wconf 87' lang='lat' dir='ltr'>caelum</span> <span class='ocrx_word' id='word_1_59' title='bbox 979 810 1149 848; x_wconf 89' lang='lat' dir='ltr'>findetur</span> <span class='ocrx_word' id='word_1_60' title='bbox 1181 817 1334 863; x_wconf 85' lang='lat' dir='ltr'>aratro,</span> 
     </span>
     <span class='ocr_line' id='line_1_11' title="bbox 321 867 1289 921; baseline 0.002 -15"><span class='ocrx_word' id='word_1_61' title='bbox 321 868 431 907; x_wconf 91' lang='lat' dir='ltr'>Unda</span> <span class='ocrx_word' id='word_1_62' title='bbox 463 867 569 907; x_wconf 89' lang='lat' dir='ltr'>dabit</span> <span class='ocrx_word' id='word_1_63' title='bbox 600 867 773 906; x_wconf 89' lang='lat' dir='ltr'>flammas</span> <span class='ocrx_word' id='word_1_64' title='bbox 805 873 845 906; x_wconf 91' lang='lat' dir='ltr'>et</span> <span class='ocrx_word' id='word_1_65' title='bbox 876 867 982 906; x_wconf 88' lang='lat' dir='ltr'>dabit</span> <span class='ocrx_word' id='word_1_66' title='bbox 1013 869 1113 918; x_wconf 87' lang='lat' dir='ltr'>ignis</span> <span class='ocrx_word' id='word_1_67' title='bbox 1146 880 1289 921; x_wconf 88' lang='lat' dir='ltr'>aquas,</span> 
     </span>
    </p>

    <p class='ocr_par' dir='ltr' id='par_1_8' title="bbox 280 925 1441 1213">
     <span class='ocr_line' id='line_1_12' title="bbox 280 925 1287 979; baseline 0.001 -14"><span class='ocrx_word' id='word_1_68' title='bbox 280 937 299 966; x_wconf 80' lang='lat'>5</span> <span class='ocrx_word' id='word_1_69' title='bbox 322 926 459 965; x_wconf 88' lang='lat' dir='ltr'>Omnia</span> <span class='ocrx_word' id='word_1_70' title='bbox 490 931 652 965; x_wconf 88' lang='lat' dir='ltr'>naturae</span> <span class='ocrx_word' id='word_1_71' title='bbox 683 930 936 977; x_wconf 85' lang='lat' dir='ltr'>praepostera</span> <span class='ocrx_word' id='word_1_72' title='bbox 967 925 1119 977; x_wconf 84' lang='lat' dir='ltr'>legibus</span> <span class='ocrx_word' id='word_1_73' title='bbox 1150 926 1287 979; x_wconf 85' lang='lat' dir='ltr'>ibunt,</span> 
     </span>
     <span class='ocr_line' id='line_1_13' title="bbox 322 983 1258 1036; baseline 0 -13"><span class='ocrx_word' id='word_1_74' title='bbox 322 984 496 1036; x_wconf 85' lang='lat' dir='ltr'>Parsque</span> <span class='ocrx_word' id='word_1_75' title='bbox 529 996 643 1023; x_wconf 90' lang='lat' dir='ltr'>suum</span> <span class='ocrx_word' id='word_1_76' title='bbox 675 984 811 1023; x_wconf 88' lang='lat' dir='ltr'>mundi</span> <span class='ocrx_word' id='word_1_77' title='bbox 843 983 948 1022; x_wconf 90' lang='lat' dir='ltr'>nulla</span> <span class='ocrx_word' id='word_1_78' title='bbox 979 983 1129 1023; x_wconf 83' lang='lat' dir='ltr'>tenebit</span> <span class='ocrx_word' id='word_1_79' title='bbox 1158 986 1258 1036; x_wconf 88' lang='lat' dir='ltr'>iter,</span> 
     </span>
     <span class='ocr_line' id='line_1_14' title="bbox 321 1042 1363 1096; baseline 0 -14"><span class='ocrx_word' id='word_1_80' title='bbox 321 1043 458 1082; x_wconf 88' lang='lat' dir='ltr'>Omnia</span> <span class='ocrx_word' id='word_1_81' title='bbox 490 1045 566 1082; x_wconf 88' lang='lat' dir='ltr'>iam</span> <span class='ocrx_word' id='word_1_82' title='bbox 597 1043 692 1081; x_wconf 90' lang='lat' dir='ltr'>fient</span> <span class='ocrx_word' id='word_1_83' title='bbox 709 1074 721 1095; x_wconf 82' lang='lat'><em>‚</em></span> <span class='ocrx_word' id='word_1_84' title='bbox 758 1043 843 1081; x_wconf 89' lang='lat' dir='ltr'>fieri</span> <span class='ocrx_word' id='word_1_85' title='bbox 875 1054 973 1093; x_wconf 90' lang='lat' dir='ltr'>quae</span> <span class='ocrx_word' id='word_1_86' title='bbox 1004 1054 1120 1094; x_wconf 90' lang='lat' dir='ltr'>posse</span> <span class='ocrx_word' id='word_1_87' title='bbox 1152 1042 1363 1096; x_wconf 80' lang='lat' dir='ltr'>negabam,</span> 
     </span>
     <span class='ocr_line' id='line_1_15' title="bbox 321 1100 1363 1152; baseline 0.001 -12"><span class='ocrx_word' id='word_1_88' title='bbox 321 1101 370 1139; x_wconf 88' lang='lat' dir='ltr'>Et</span> <span class='ocrx_word' id='word_1_89' title='bbox 401 1101 499 1140; x_wconf 86' lang='lat' dir='ltr'>nihil</span> <span class='ocrx_word' id='word_1_90' title='bbox 532 1107 620 1152; x_wconf 84' lang='lat' dir='ltr'>est,</span> <span class='ocrx_word' id='word_1_91' title='bbox 652 1101 699 1139; x_wconf 90' lang='lat' dir='ltr'>de</span> <span class='ocrx_word' id='word_1_92' title='bbox 733 1113 809 1152; x_wconf 89' lang='lat' dir='ltr'>quo</span> <span class='ocrx_word' id='word_1_93' title='bbox 841 1112 920 1139; x_wconf 92' lang='lat' dir='ltr'>non</span> <span class='ocrx_word' id='word_1_94' title='bbox 952 1102 1002 1139; x_wconf 85' lang='lat' dir='ltr'>sit</span> <span class='ocrx_word' id='word_1_95' title='bbox 1032 1100 1209 1140; x_wconf 90' lang='lat' dir='ltr'>habenda</span> <span class='ocrx_word' id='word_1_96' title='bbox 1240 1102 1363 1141; x_wconf 81' lang='lat' dir='ltr'>fides.</span> 
     </span>
     <span class='ocr_line' id='line_1_16' title="bbox 320 1159 1441 1213; baseline 0.001 -15"><span class='ocrx_word' id='word_1_97' title='bbox 320 1159 424 1198; x_wconf 86' lang='lat' dir='ltr'>Haec</span> <span class='ocrx_word' id='word_1_98' title='bbox 457 1172 528 1210; x_wconf 89' lang='lat' dir='ltr'>ego</span> <span class='ocrx_word' id='word_1_99' title='bbox 561 1160 778 1210; x_wconf 86' lang='lat' dir='ltr'>vaticinor,</span> <span class='ocrx_word' id='word_1_100' title='bbox 812 1160 901 1209; x_wconf 89' lang='lat' dir='ltr'>quia</span> <span class='ocrx_word' id='word_1_101' title='bbox 934 1171 1021 1197; x_wconf 87' lang='lat' dir='ltr'>sum</span> <span class='ocrx_word' id='word_1_102' title='bbox 1053 1159 1240 1210; x_wconf 85' lang='lat' dir='ltr'>deceptus</span> <span class='ocrx_word' id='word_1_103' title='bbox 1273 1159 1320 1198; x_wconf 91' lang='lat' dir='ltr'>ab</span> <span class='ocrx_word' id='word_1_104' title='bbox 1352 1159 1441 1213; x_wconf 85' lang='lat' dir='ltr'>illo,</span> 
     </span>
    </p>

    <p class='ocr_par' dir='ltr' id='par_1_9' title="bbox 258 1217 1299 1385">
     <span class='ocr_line' id='line_1_17' title="bbox 258 1217 1275 1269; baseline 0 -12"><span class='ocrx_word' id='word_1_105' title='bbox 258 1227 300 1257; x_wconf 87' lang='lat'>10</span> <span class='ocrx_word' id='word_1_106' title='bbox 320 1217 508 1257; x_wconf 86' lang='lat' dir='ltr'>Laturum</span> <span class='ocrx_word' id='word_1_107' title='bbox 540 1219 684 1256; x_wconf 86' lang='lat' dir='ltr'>misero</span> <span class='ocrx_word' id='word_1_108' title='bbox 717 1229 834 1268; x_wconf 89' lang='lat' dir='ltr'>quem</span> <span class='ocrx_word' id='word_1_109' title='bbox 865 1217 961 1256; x_wconf 91' lang='lat' dir='ltr'>mihi</span> <span class='ocrx_word' id='word_1_110' title='bbox 991 1217 1106 1256; x_wconf 90' lang='lat' dir='ltr'>rebar</span> <span class='ocrx_word' id='word_1_111' title='bbox 1138 1229 1275 1269; x_wconf 87' lang='lat' dir='ltr'>opem.</span> 
     </span>
     <span class='ocr_line' id='line_1_18' title="bbox 320 1275 1299 1328; baseline 0.001 -14"><span class='ocrx_word' id='word_1_112' title='bbox 320 1276 493 1315; x_wconf 87' lang='lat' dir='ltr'>Tantane</span> <span class='ocrx_word' id='word_1_113' title='bbox 525 1281 593 1327; x_wconf 86' lang='lat' dir='ltr'>te,</span> <span class='ocrx_word' id='word_1_114' title='bbox 626 1275 767 1327; x_wconf 83' lang='lat' dir='ltr'>fallax,</span> <span class='ocrx_word' id='word_1_115' title='bbox 800 1287 940 1326; x_wconf 84' lang='lat' dir='ltr'>cepere</span> <span class='ocrx_word' id='word_1_116' title='bbox 973 1275 1113 1314; x_wconf 89' lang='lat' dir='ltr'>oblivia</span> <span class='ocrx_word' id='word_1_117' title='bbox 1143 1277 1299 1328; x_wconf 85' lang='lat' dir='ltr'>nostri,</span> 
     </span>
     <span class='ocr_line' id='line_1_19' title="bbox 321 1333 1182 1385; baseline -0.001 -12"><span class='ocrx_word' id='word_1_118' title='bbox 321 1335 598 1385; x_wconf 87' lang='lat' dir='ltr'>Afssictumque</span> <span class='ocrx_word' id='word_1_119' title='bbox 630 1335 705 1373; x_wconf 88' lang='lat' dir='ltr'>fuit</span> <span class='ocrx_word' id='word_1_120' title='bbox 736 1339 867 1372; x_wconf 85' lang='lat' dir='ltr'>tantus</span> <span class='ocrx_word' id='word_1_121' title='bbox 900 1333 1006 1372; x_wconf 88' lang='lat' dir='ltr'>adire</span> <span class='ocrx_word' id='word_1_122' title='bbox 1039 1335 1182 1385; x_wconf 87' lang='lat' dir='ltr'>timor,</span> 
     </span>
    </p>

    <p class='ocr_par' dir='ltr' id='par_1_10' title="bbox 319 1391 1332 1502">
     <span class='ocr_line' id='line_1_20' title="bbox 319 1391 1332 1445; baseline 0 -14"><span class='ocrx_word' id='word_1_123' title='bbox 319 1393 370 1431; x_wconf 90' lang='lat' dir='ltr'>Ut</span> <span class='ocrx_word' id='word_1_124' title='bbox 401 1404 528 1443; x_wconf 90' lang='lat' dir='ltr'>neque</span> <span class='ocrx_word' id='word_1_125' title='bbox 560 1393 779 1443; x_wconf 84' lang='lat' dir='ltr'>respiceres</span> <span class='ocrx_word' id='word_1_126' title='bbox 810 1403 884 1431; x_wconf 89' lang='lat' dir='ltr'>nec</span> <span class='ocrx_word' id='word_1_127' title='bbox 916 1391 1086 1430; x_wconf 82' lang='lat' dir='ltr'>solarere</span> <span class='ocrx_word' id='word_1_128' title='bbox 1117 1393 1332 1445; x_wconf 87' lang='lat' dir='ltr'>iacentem,</span> 
     </span>
     <span class='ocr_line' id='line_1_21' title="bbox 319 1448 1269 1502; baseline -0.001 -13"><span class='ocrx_word' id='word_1_129' title='bbox 319 1450 424 1489; x_wconf 90' lang='lat' dir='ltr'>Dure</span> <span class='ocrx_word' id='word_1_130' title='bbox 443 1481 455 1502; x_wconf 84' lang='lat'>‚</span> <span class='ocrx_word' id='word_1_131' title='bbox 486 1462 559 1489; x_wconf 92' lang='lat' dir='ltr'>nec</span> <span class='ocrx_word' id='word_1_132' title='bbox 591 1451 775 1501; x_wconf 86' lang='lat' dir='ltr'>exequias</span> <span class='ocrx_word' id='word_1_133' title='bbox 806 1461 1092 1501; x_wconf 84' lang='lat' dir='ltr'>prosequerere</span> <span class='ocrx_word' id='word_1_134' title='bbox 1125 1448 1269 1489; x_wconf 82' lang='lat' dir='ltr'>meas?</span> 
     </span>
    </p>

    <p class='ocr_par' dir='ltr' id='par_1_11' title="bbox 259 1507 1353 1549">
     <span class='ocr_line' id='line_1_22' title="bbox 259 1507 1353 1549; baseline 0 -1"><span class='ocrx_word' id='word_1_135' title='bbox 259 1519 300 1549; x_wconf 82' lang='lat'>15</span> <span class='ocrx_word' id='word_1_136' title='bbox 321 1508 419 1548; x_wconf 89' lang='lat' dir='ltr'>Illud</span> <span class='ocrx_word' id='word_1_137' title='bbox 452 1510 644 1548; x_wconf 87' lang='lat' dir='ltr'>amicitiae</span> <span class='ocrx_word' id='word_1_138' title='bbox 677 1513 855 1547; x_wconf 90' lang='lat' dir='ltr'>sanctum</span> <span class='ocrx_word' id='word_1_139' title='bbox 887 1514 927 1547; x_wconf 88' lang='lat' dir='ltr'>et</span> <span class='ocrx_word' id='word_1_140' title='bbox 957 1507 1178 1547; x_wconf 84' lang='lat' dir='ltr'>venerabile</span> <span class='ocrx_word' id='word_1_141' title='bbox 1210 1519 1353 1548; x_wconf 87' lang='lat' dir='ltr'>nomen</span> 
     </span>
    </p>

    <p class='ocr_par' dir='ltr' id='par_1_12' title="bbox 257 1564 1421 2376">
     <span class='ocr_line' id='line_1_23' title="bbox 320 1564 1227 1619; baseline -0.001 -13"><span class='ocrx_word' id='word_1_142' title='bbox 320 1567 376 1606; x_wconf 91' lang='lat' dir='ltr'>Re</span> <span class='ocrx_word' id='word_1_143' title='bbox 409 1567 479 1606; x_wconf 91' lang='lat' dir='ltr'>tibi</span> <span class='ocrx_word' id='word_1_144' title='bbox 511 1579 582 1618; x_wconf 89' lang='lat' dir='ltr'>pro</span> <span class='ocrx_word' id='word_1_145' title='bbox 615 1566 679 1605; x_wconf 93' lang='lat' dir='ltr'>vili</span> <span class='ocrx_word' id='word_1_146' title='bbox 711 1565 784 1606; x_wconf 90' lang='lat' dir='ltr'>sub</span> <span class='ocrx_word' id='word_1_147' title='bbox 816 1566 1065 1619; x_wconf 68' lang='lat' dir='ltr'>pedibusque</span> <span class='ocrx_word' id='word_1_148' title='bbox 1092 1564 1227 1605; x_wconf 81' lang='lat' dir='ltr'>iacet?</span> 
     </span>
     <span class='ocr_line' id='line_1_24' title="bbox 322 1624 1345 1677; baseline -0.001 -13"><span class='ocrx_word' id='word_1_149' title='bbox 322 1625 423 1671; x_wconf 84' lang='lat' dir='ltr'>Quid</span> <span class='ocrx_word' id='word_1_150' title='bbox 455 1626 529 1664; x_wconf 81' lang='lat' dir='ltr'>fuit</span> <span class='ocrx_word' id='word_1_151' title='bbox 548 1657 558 1677; x_wconf 85' lang='lat'><em>‚</em></span> <span class='ocrx_word' id='word_1_152' title='bbox 590 1626 738 1675; x_wconf 81' lang='lat' dir='ltr'>ingenti</span> <span class='ocrx_word' id='word_1_153' title='bbox 768 1629 1010 1676; x_wconf 89' lang='lat' dir='ltr'>prostratum</span> <span class='ocrx_word' id='word_1_154' title='bbox 1041 1624 1141 1663; x_wconf 90' lang='lat' dir='ltr'>mole</span> <span class='ocrx_word' id='word_1_155' title='bbox 1174 1624 1345 1664; x_wconf 87' lang='lat' dir='ltr'>sodalem</span> 
     </span>
     <span class='ocr_line' id='line_1_25' title="bbox 319 1682 1185 1734; baseline -0.001 -12"><span class='ocrx_word' id='word_1_156' title='bbox 319 1683 454 1722; x_wconf 90' lang='lat' dir='ltr'>Visere</span> <span class='ocrx_word' id='word_1_157' title='bbox 487 1689 526 1722; x_wconf 86' lang='lat' dir='ltr'>et</span> <span class='ocrx_word' id='word_1_158' title='bbox 557 1682 748 1733; x_wconf 89' lang='lat' dir='ltr'>adloquiis</span> <span class='ocrx_word' id='word_1_159' title='bbox 780 1688 891 1733; x_wconf 89' lang='lat' dir='ltr'>parte</span> <span class='ocrx_word' id='word_1_160' title='bbox 923 1683 1051 1721; x_wconf 88' lang='lat' dir='ltr'>levare</span> <span class='ocrx_word' id='word_1_161' title='bbox 1083 1684 1185 1734; x_wconf 89' lang='lat' dir='ltr'>tuis,</span> 
     </span>
     <span class='ocr_line' id='line_1_26' title="bbox 320 1740 1396 1794; baseline 0 -14"><span class='ocrx_word' id='word_1_162' title='bbox 320 1741 443 1792; x_wconf 89' lang='lat' dir='ltr'>Inque</span> <span class='ocrx_word' id='word_1_163' title='bbox 476 1753 583 1780; x_wconf 90' lang='lat' dir='ltr'>meos</span> <span class='ocrx_word' id='word_1_164' title='bbox 616 1742 648 1779; x_wconf 93' lang='lat' dir='ltr'>si</span> <span class='ocrx_word' id='word_1_165' title='bbox 680 1752 757 1779; x_wconf 92' lang='lat' dir='ltr'>non</span> <span class='ocrx_word' id='word_1_166' title='bbox 788 1741 986 1779; x_wconf 86' lang='lat' dir='ltr'>lacrimam</span> <span class='ocrx_word' id='word_1_167' title='bbox 1019 1740 1227 1779; x_wconf 85' lang='lat' dir='ltr'>demittere</span> <span class='ocrx_word' id='word_1_168' title='bbox 1259 1753 1396 1794; x_wconf 88' lang='lat' dir='ltr'>casus,</span> 
     </span>
     <span class='ocr_line' id='line_1_27' title="bbox 257 1797 1181 1851; baseline -0.002 -12"><span class='ocrx_word' id='word_1_169' title='bbox 257 1810 300 1840; x_wconf 74' lang='lat'>20</span> <span class='ocrx_word' id='word_1_170' title='bbox 320 1800 448 1838; x_wconf 88' lang='lat' dir='ltr'>Pauca</span> <span class='ocrx_word' id='word_1_171' title='bbox 479 1806 609 1838; x_wconf 84' lang='lat' dir='ltr'>tamen</span> <span class='ocrx_word' id='word_1_172' title='bbox 642 1799 732 1837; x_wconf 87' lang='lat' dir='ltr'>ficto</span> <span class='ocrx_word' id='word_1_173' title='bbox 764 1797 881 1837; x_wconf 86' lang='lat' dir='ltr'>verba</span> <span class='ocrx_word' id='word_1_174' title='bbox 913 1798 1046 1837; x_wconf 90' lang='lat' dir='ltr'>dolore</span> <span class='ocrx_word' id='word_1_175' title='bbox 1077 1800 1181 1851; x_wconf 82' lang='lat' dir='ltr'>pati,</span> 
     </span>
     <span class='ocr_line' id='line_1_28' title="bbox 321 1856 1421 1911; baseline 0 -14"><span class='ocrx_word' id='word_1_176' title='bbox 321 1858 470 1910; x_wconf 86' lang='lat' dir='ltr'>quue,</span> <span class='ocrx_word' id='word_1_177' title='bbox 504 1857 607 1908; x_wconf 91' lang='lat' dir='ltr'>quod</span> <span class='ocrx_word' id='word_1_178' title='bbox 639 1858 762 1907; x_wconf 86' lang='lat' dir='ltr'>ignoti</span> <span class='ocrx_word' id='word_1_179' title='bbox 795 1857 944 1895; x_wconf 82' lang='lat' dir='ltr'>faciunt</span> <span class='ocrx_word' id='word_1_180' title='bbox 961 1888 972 1909; x_wconf 85' lang='lat'><strong><em>,</em></strong></span> <span class='ocrx_word' id='word_1_181' title='bbox 1004 1856 1064 1895; x_wconf 91' lang='lat' dir='ltr'>vel</span> <span class='ocrx_word' id='word_1_182' title='bbox 1095 1857 1226 1896; x_wconf 90' lang='lat' dir='ltr'>dicere</span> <span class='ocrx_word' id='word_1_183' title='bbox 1258 1857 1421 1911; x_wconf 86' lang='lat' dir='ltr'>saltem,</span> 
     </span>
     <span class='ocr_line' id='line_1_29' title="bbox 320 1914 1229 1967; baseline 0.001 -13"><span class='ocrx_word' id='word_1_184' title='bbox 320 1917 369 1955; x_wconf 92' lang='lat' dir='ltr'>Et</span> <span class='ocrx_word' id='word_1_185' title='bbox 400 1927 534 1954; x_wconf 87' lang='lat' dir='ltr'>vocem</span> <span class='ocrx_word' id='word_1_186' title='bbox 565 1915 700 1966; x_wconf 87' lang='lat' dir='ltr'>populi</span> <span class='ocrx_word' id='word_1_187' title='bbox 730 1914 962 1967; x_wconf 88' lang='lat' dir='ltr'>publicaque</span> <span class='ocrx_word' id='word_1_188' title='bbox 995 1927 1060 1953; x_wconf 92' lang='lat' dir='ltr'>ora</span> <span class='ocrx_word' id='word_1_189' title='bbox 1093 1917 1229 1967; x_wconf 84' lang='lat' dir='ltr'>sequi,</span> 
     </span>
     <span class='ocr_line' id='line_1_30' title="bbox 321 1973 1421 2025; baseline 0.001 -12"><span class='ocrx_word' id='word_1_190' title='bbox 321 1975 496 2025; x_wconf 89' lang='lat' dir='ltr'>Denique</span> <span class='ocrx_word' id='word_1_191' title='bbox 528 1973 714 2025; x_wconf 85' lang='lat' dir='ltr'>lugubres</span> <span class='ocrx_word' id='word_1_192' title='bbox 746 1973 876 2012; x_wconf 90' lang='lat' dir='ltr'>vultus</span> <span class='ocrx_word' id='word_1_193' title='bbox 908 1985 1200 2025; x_wconf 89' lang='lat' dir='ltr'>numquamque</span> <span class='ocrx_word' id='word_1_194' title='bbox 1234 1973 1421 2014; x_wconf 82' lang='lat' dir='ltr'>videndos</span> 
     </span>
     <span class='ocr_line' id='line_1_31' title="bbox 321 2031 1170 2084; baseline 0 -13"><span class='ocrx_word' id='word_1_195' title='bbox 321 2033 492 2071; x_wconf 86' lang='lat' dir='ltr'>Cernere</span> <span class='ocrx_word' id='word_1_196' title='bbox 524 2044 706 2083; x_wconf 89' lang='lat' dir='ltr'>supremo</span> <span class='ocrx_word' id='word_1_197' title='bbox 740 2031 832 2070; x_wconf 89' lang='lat' dir='ltr'>dum</span> <span class='ocrx_word' id='word_1_198' title='bbox 862 2031 1049 2082; x_wconf 89' lang='lat' dir='ltr'>licuitque</span> <span class='ocrx_word' id='word_1_199' title='bbox 1081 2032 1170 2084; x_wconf 83' lang='lat' dir='ltr'>die,</span> 
     </span>
     <span class='ocr_line' id='line_1_32' title="bbox 257 2089 1312 2142; baseline -0.001 -11"><span class='ocrx_word' id='word_1_200' title='bbox 257 2100 300 2131; x_wconf 81' lang='lat'>25</span> <span class='ocrx_word' id='word_1_201' title='bbox 321 2090 615 2142; x_wconf 89' lang='lat' dir='ltr'>Dicendumque</span> <span class='ocrx_word' id='word_1_202' title='bbox 648 2089 769 2129; x_wconf 90' lang='lat' dir='ltr'>semel</span> <span class='ocrx_word' id='word_1_203' title='bbox 799 2095 880 2128; x_wconf 92' lang='lat' dir='ltr'>toto</span> <span class='ocrx_word' id='word_1_204' title='bbox 913 2102 990 2128; x_wconf 87' lang='lat' dir='ltr'>non</span> <span class='ocrx_word' id='word_1_205' title='bbox 1023 2090 1188 2142; x_wconf 89' lang='lat' dir='ltr'>amplius</span> <span class='ocrx_word' id='word_1_206' title='bbox 1219 2102 1312 2130; x_wconf 90' lang='lat' dir='ltr'>aevo</span> 
     </span>
     <span class='ocr_line' id='line_1_33' title="bbox 324 2145 1257 2201; baseline -0.002 -13"><span class='ocrx_word' id='word_1_207' title='bbox 324 2150 512 2200; x_wconf 86' lang='lat' dir='ltr'>Accipere</span> <span class='ocrx_word' id='word_1_208' title='bbox 532 2181 543 2201; x_wconf 84' lang='grc'>,</span> <span class='ocrx_word' id='word_1_209' title='bbox 575 2154 614 2188; x_wconf 88' lang='lat' dir='ltr'>et</span> <span class='ocrx_word' id='word_1_210' title='bbox 643 2147 756 2200; x_wconf 86' lang='lat' dir='ltr'>parili</span> <span class='ocrx_word' id='word_1_211' title='bbox 787 2148 953 2187; x_wconf 88' lang='lat' dir='ltr'>reddere</span> <span class='ocrx_word' id='word_1_212' title='bbox 985 2160 1079 2187; x_wconf 92' lang='lat' dir='ltr'>voce</span> <span class='ocrx_word' id='word_1_213' title='bbox 1098 2180 1109 2200; x_wconf 89' lang='lat'><em>‚</em></span> <span class='ocrx_word' id='word_1_214' title='bbox 1140 2145 1257 2187; x_wconf 83' lang='lat' dir='ltr'>vale?</span> 
     </span>
     <span class='ocr_line' id='line_1_34' title="bbox 321 2205 1258 2258; baseline -0.002 -12"><span class='ocrx_word' id='word_1_215' title='bbox 321 2209 369 2246; x_wconf 83' lang='lat' dir='ltr'>At</span> <span class='ocrx_word' id='word_1_216' title='bbox 401 2208 531 2246; x_wconf 88' lang='lat' dir='ltr'>fecere</span> <span class='ocrx_word' id='word_1_217' title='bbox 563 2207 626 2246; x_wconf 91' lang='lat' dir='ltr'>alii</span> <span class='ocrx_word' id='word_1_218' title='bbox 658 2206 764 2246; x_wconf 91' lang='lat' dir='ltr'>nullo</span> <span class='ocrx_word' id='word_1_219' title='bbox 796 2206 890 2245; x_wconf 90' lang='lat' dir='ltr'>mihi</span> <span class='ocrx_word' id='word_1_220' title='bbox 921 2205 1078 2245; x_wconf 85' lang='lat' dir='ltr'>foedere</span> <span class='ocrx_word' id='word_1_221' title='bbox 1110 2207 1258 2258; x_wconf 82' lang='lat' dir='ltr'>iuncti,</span> 
     </span>
     <span class='ocr_line' id='line_1_35' title="bbox 321 2264 1151 2316; baseline -0.001 -12"><span class='ocrx_word' id='word_1_222' title='bbox 321 2265 371 2304; x_wconf 89' lang='lat' dir='ltr'>Et</span> <span class='ocrx_word' id='word_1_223' title='bbox 402 2265 581 2304; x_wconf 89' lang='lat' dir='ltr'>lacrimas</span> <span class='ocrx_word' id='word_1_224' title='bbox 613 2266 731 2304; x_wconf 89' lang='lat' dir='ltr'>animi</span> <span class='ocrx_word' id='word_1_225' title='bbox 764 2266 872 2316; x_wconf 86' lang='lat' dir='ltr'>signa</span> <span class='ocrx_word' id='word_1_226' title='bbox 905 2264 1048 2303; x_wconf 90' lang='lat' dir='ltr'>dedere</span> <span class='ocrx_word' id='word_1_227' title='bbox 1080 2266 1151 2303; x_wconf 87' lang='lat' dir='ltr'>sui.</span> 
     </span>
     <span class='ocr_line' id='line_1_36' title="bbox 322 2322 1420 2376; baseline 0.001 -14"><span class='ocrx_word' id='word_1_228' title='bbox 322 2322 422 2370; x_wconf 91' lang='lat' dir='ltr'>Quid</span> <span class='ocrx_word' id='word_1_229' title='bbox 442 2354 454 2376; x_wconf 84' lang='lat'>‚</span> <span class='ocrx_word' id='word_1_230' title='bbox 485 2325 561 2363; x_wconf 91' lang='lat' dir='ltr'>nisi</span> <span class='ocrx_word' id='word_1_231' title='bbox 592 2325 774 2363; x_wconf 88' lang='lat' dir='ltr'>convictu</span> <span class='ocrx_word' id='word_1_232' title='bbox 807 2324 1012 2374; x_wconf 87' lang='lat' dir='ltr'>causisque</span> <span class='ocrx_word' id='word_1_233' title='bbox 1044 2322 1261 2362; x_wconf 88' lang='lat' dir='ltr'>valentibus</span> <span class='ocrx_word' id='word_1_234' title='bbox 1294 2335 1420 2363; x_wconf 87' lang='lat' dir='ltr'>essem</span> 
     </span>
    </p>
   </div>
  </div>
 </body>
</html>
