1570 2527
159 111 244 154 120
606 112 753 145 IBIDIS
777 112 820 146 V.
848 113 1044 145 613-644.

278 220 469 272 Quodque
503 220 638 259 dolore
670 220 778 258 necis
811 221 958 270 patriae
990 221 1053 271 pia
1084 220 1162 258 filia
1193 220 1308 272 fecit,

335 278 497 318 Vincula
528 290 599 329 per
632 277 761 328 laquei
792 278 851 316 sac
883 278 955 316 tibi
987 284 1122 329 guttur
1155 284 1238 318 eat.

190 345 257 378 615
279 337 572 387 Obstructoque
605 336 746 375 famem
777 338 936 387 patiaris
968 336 1100 375 limine
1132 338 1249 388 tecti,

337 395 387 434 Ut
417 395 543 445 legem
575 406 723 445 poenae
756 396 819 433 cui
851 394 958 432 dedit
988 396 1072 445 ipsa
1103 407 1267 446 parens.

277 453 385 492 Illius
418 452 594 504 exemplo
629 452 746 491 violes
779 452 986 491 simulacra
1017 452 1240 504 Minervae,

340 511 491 550 Aulidis
523 523 544 549 a
575 517 693 561 portu
727 513 794 561 qui
824 510 907 548 leve
939 512 1055 549 vertit
1087 512 1185 549 iter.

280 569 562 620 Naupliadaeve
594 568 708 607 modo
741 580 886 619 poenas
918 580 989 619 pro
1023 570 1186 607 crimine
1218 568 1314 607 falso

192 637 259 668 620
337 627 463 666 Morte
495 627 578 665 luas
597 658 608 679 ‚
640 639 712 665 nec
745 632 783 664 te
815 639 893 665 non
925 628 1116 665 meruisse
1148 628 1277 666 iuvet.

190 708 247 714 —
279 685 469 724 Aethalon
501 690 545 724 ut
575 686 652 724 vita
684 685 862 736 spoliavit
893 684 1061 723 Isindius
1091 685 1258 736 hospes,

340 743 466 790 Quem
497 755 647 782 memor
679 755 699 781 a
731 745 853 782 sacris
886 755 989 782 nunc
1022 755 1177 793 quoque
1209 743 1315 794 pellit
1344 740 1437 780 Ion:

280 802 408 853 thue
440 802 658 841 Melanthea
690 801 863 840 tenebriS
895 813 916 839 a
948 801 1064 840 caede
1096 801 1280 840 latentem

340 860 516 899 Prodidit
548 861 675 898 officio
707 859 864 898 luminis
896 861 979 910 ipsa
1010 871 1174 910 parens:

193 927 260 959 625
283 919 346 958 Sic
379 925 445 958 tua
478 919 665 957 coniectis
698 918 894 956 fodiantur
925 923 1084 968 pectora
1116 918 1228 969 telis,
1440 923 1497 957 (29)

343 977 407 1016 Sic
438 989 579 1028 precor
612 976 764 1015 auxiliis
795 977 1008 1027 impediare
1040 977 1141 1015 tuis.

283 1035 416 1081 Qualis
449 1047 570 1085 equos
602 1041 714 1085 pacto
734 1066 744 1086 ‚
778 1047 875 1085 quos
907 1035 1020 1072 fortis
1052 1035 1188 1085 agebat
1219 1032 1409 1084 Achilles,

341 1094 436 1132 Acta
466 1093 611 1144 Phrygi
642 1092 807 1144 timido,
840 1105 916 1131 nox
947 1092 1019 1131 tibi
1050 1092 1136 1131 talis
1169 1098 1252 1131 eat.

282 1152 363 1190 Nec
395 1158 439 1190 tu
471 1163 587 1202 quam
619 1151 771 1189 Rhesus
805 1162 940 1189 somno
974 1150 1136 1189 meliore
1168 1152 1370 1202 quiescam,

195 1219 262 1250 630
343 1210 468 1256 Quam
501 1210 663 1248 comites
695 1209 813 1247 Rhesi
845 1215 928 1247 tum
960 1211 1068 1247 necis
1087 1241 1098 1260 ‚
1130 1215 1219 1248 ante
1250 1210 1358 1260 viae3

285 1268 409 1315 Quam
442 1280 540 1319 quos
572 1280 660 1306 cum
693 1267 837 1306 Rutulo
871 1269 987 1306 morti
1018 1267 1205 1306 Ramnete
1238 1267 1430 1306 dederunt

341 1326 510 1377 Impiger
541 1325 769 1376 Hyrtacides
802 1324 1112 1376 Hyrtacidaeque
1145 1337 1299 1364 comes.

284 1384 527 1424 Cliniadaeve
559 1384 673 1422 modo
707 1384 971 1422 circumdatus
1002 1383 1158 1434 ignibus
1190 1385 1284 1422 atris

342 1442 516 1481 Membra
548 1443 650 1481 feras
684 1442 836 1493 Stygiae
869 1443 1138 1481 semicremata
1169 1443 1278 1480 neci.

198 1510 264 1542 635
286 1501 413 1552 thue
445 1501 566 1539 Remo
598 1512 732 1538 muros
765 1512 858 1539 auso
891 1502 1057 1539 transire
1090 1506 1293 1550 recentes,

343 1559 465 1598 Noxia
498 1561 575 1597 sint
607 1560 724 1609 capiti
755 1560 902 1597 rustica
933 1558 1009 1597 tela
1041 1563 1132 1598 tuo.

285 1618 462 1667 Denique
496 1617 729 1655 Sarmaticas
761 1618 863 1655 inter
896 1616 1129 1668 Geticasque
1161 1617 1320 1667 sagittas

343 1675 412 1713 His
444 1687 585 1725 precor
617 1680 661 1713 ut
692 1677 795 1713 vivas
829 1680 867 1713 et
898 1676 1065 1714 moriare
1096 1675 1215 1713 locis.

286 1733 390 1772 Haec
422 1732 492 1771 tibi
525 1734 716 1783 tantisper
747 1732 876 1770 subito
909 1734 988 1770 sint
1019 1734 1136 1771 missa
1166 1731 1323 1783 libello,

199 1800 266 1831 640
345 1791 585 1830 Inmemores
617 1803 666 1829 ne
698 1802 776 1828 nos·
802 1802 887 1829 esse
920 1802 1086 1841 querare
1118 1792 1198 1829 tui.

286 1850 415 1888 Pauca
448 1848 633 1900 quidem,
666 1849 817 1887 fateor:
867 1849 934 1887 sed
968 1848 1006 1886 di
1038 1848 1131 1887 dent
1162 1848 1274 1899 plura
1305 1847 1472 1899 rogam,

345 1907 682 1958 Multiplicentque
714 1919 784 1945 suo
818 1912 903 1945 vota
934 1907 1064 1945 favore
1096 1918 1204 1947 mea.

287 1966 496 2005 Postmodo
528 1965 640 2017 plura
671 1965 775 2015 leges
809 1970 847 2003 et
878 1977 1019 2003 nomen
1050 1964 1232 2004 habentia
1262 1975 1420 2015 verum,

346 2024 396 2063 Et
426 2024 524 2075 pede
557 2036 632 2075 quo
666 2023 810 2061 debent
841 2025 944 2061 acrIa
974 2022 1074 2062 bella
1106 2024 1210 2074 geri.
