1570 2527
175 62 232 103 54
727 62 952 95 TRISTIUM

229 180 272 210 50
294 171 371 210 Sed
402 183 492 222 pars
525 183 571 210 ex
603 170 679 209 illis
711 176 805 209 tunc
838 183 994 222 quoque
1026 172 1109 209 viva
1141 171 1242 211 fuit.

294 229 382 268 Sive
414 231 534 280 igitur
566 230 676 267 nimii
707 228 849 268 boreae
882 231 938 268 vis
971 241 1083 268 saeva
1114 231 1308 282 marinas,

294 287 382 326 Sive
414 287 650 326 redundatas
681 287 841 327 flumine
873 289 977 339 cogit
1009 300 1152 340 aquas,

291 345 476 384 Protinus
495 377 506 397 ,
539 351 703 397 aequato
736 347 850 384 siccis
883 346 1130 397 aquilonibus
1162 346 1318 399 Histro,

292 404 494 443 Invehitur
527 404 646 443 celeri
676 404 868 443 barbarus
899 405 1024 443 hostis
1055 417 1180 457 equo,

229 471 272 501 55
293 462 424 501 Hostis
457 475 557 513 equo
590 462 740 513 pollens
773 463 965 514 longeque
997 462 1150 501 volante
1182 464 1320 514 sagitta

293 520 467 559 Vicinam
498 521 573 559 late
607 521 867 572 depopulatur
898 521 1084 560 humum.

294 579 510 630 Diffugiunt
541 579 605 617 alii
622 610 633 631 7
667 579 862 630 nullisque
894 579 1096 619 tuentibus
1131 591 1245 631 agros

293 637 558 677 Incustoditae
591 637 831 688 diripiuntur
863 650 981 690 opes,

293 696 411 734 Ruris
443 708 537 748 opes
568 708 708 747 parvae
728 727 739 748 ,
770 709 891 747 pecus
924 702 963 735 et
995 696 1199 735 stridentia
1231 696 1403 747 plaustra

230 763 272 793 60
294 754 343 793 Et
375 767 471 805 quas
503 754 655 793 divitias
688 755 814 793 incola
845 767 993 806 pauper
1025 754 1164 793 habet.

292 813 386 851 Pars
418 814 546 863 agitur
578 814 718 852 vinctis
749 819 838 864 post
869 819 1022 864 tergum
1056 818 1168 863 capta
1198 812 1379 866 lacertis,

293 871 522 922 Respiciens
554 872 700 910 frustra
732 884 824 910 rura
856 871 1055 922 laremque
1089 883 1227 924 suum,

293 930 389 968 Pars
421 930 524 968 cadit
555 929 719 968 hamatis
752 932 893 968 misere
927 930 1075 968 confixa
1109 931 1282 980 sagittis:

293 988 389 1026 Nam
421 988 571 1027 volucri
603 989 708 1027 ferro
740 989 891 1027 tinctile
923 990 1030 1027 virus
1062 990 1189 1027 inest.

230 1056 272 1085 65
295 1046 400 1091 Quae
433 1053 637 1097 nequeunt
668 1059 801 1085 secum
834 1048 938 1086 ferre
970 1052 1037 1086 aut
1067 1046 1262 1086 abducere
1281 1079 1292 1099 ‚
1324 1046 1515 1099 perdunt,

294 1105 344 1144 Et
375 1110 522 1143 cremat
552 1107 728 1144 insontes
760 1105 910 1144 hostica
942 1105 1094 1144 flamma
1126 1117 1257 1144 casas.

294 1164 405 1202 Tunc
428 1176 606 1215 quoque,
639 1176 728 1202 cum
748 1176 821 1214 pax
842 1171 924 1215 est,
954 1164 1151 1214 trepidant
1176 1164 1383 1203 formidine
1402 1163 1516 1217 belli,

294 1221 375 1260 Nec
407 1223 614 1272 quisquam
646 1234 784 1273 presso
816 1234 972 1261 vomere
1006 1222 1132 1261 sulcat
1162 1222 1348 1262 humum.

294 1280 371 1319 Aut
408 1280 512 1319 videt
549 1287 615 1319 aut
654 1282 794 1320 metuit
836 1281 945 1320 locus
982 1281 1068 1333 hic,
1114 1293 1230 1332 quem
1275 1293 1353 1320 non
1391 1281 1516 1333 videt,

894 1340 1069 1391 hostem3

232 1407 274 1437 70
297 1397 431 1436 Cessat
461 1399 568 1436 iners
601 1396 726 1448 rlgido
758 1403 864 1436 terra
895 1397 1030 1436 relicta
1063 1399 1164 1436 situ.

294 1456 381 1494 Non
413 1455 475 1494 hic
507 1457 712 1507 pampinea
745 1455 870 1494 dulcis
902 1456 996 1495 latet
1027 1469 1100 1495 uva
1131 1455 1204 1495 sub
1236 1455 1398 1509 umbra,

294 1514 375 1553 Nec
407 1514 608 1553 cumulant
639 1514 736 1553 altos
768 1515 914 1553 fervida
947 1521 1074 1553 musta
1104 1514 1235 1553 lacus.

295 1572 413 1611 Poma
446 1579 558 1623 negat
591 1574 723 1623 regio.
773 1585 846 1611 nec
878 1573 1040 1611 haberet
1071 1573 1288 1623 Acontius,
1319 1574 1360 1611 in
1393 1585 1469 1624 quo

298 1631 498 1669 Scriberet
529 1631 592 1669 hic
624 1631 802 1669 dominae
834 1631 951 1669 verba
983 1631 1145 1681 legenda
1177 1643 1294 1670 suae.

233 1698 274 1728 75
297 1691 501 1740 Aspieeres
533 1689 659 1727 nudos
692 1690 775 1727 sine
807 1689 944 1727 fronde
965 1719 976 1740 ,
1009 1691 1093 1727 sine
1126 1689 1266 1728 arbore
1298 1701 1478 1741 campost

297 1747 382 1786 Heu
414 1747 499 1785 loca
530 1747 634 1785 felici
665 1759 742 1786 non
776 1747 952 1785 adeunda
984 1746 1090 1786 viro!

296 1806 399 1857 Ergo
433 1811 509 1844 tam
541 1806 616 1844 late
648 1811 777 1856 pateat
809 1818 898 1844 cum
930 1807 1119 1844 maximus
1152 1805 1282 1859 orbis,

296 1864 400 1904 Haec
433 1870 492 1903 est
521 1865 562 1902 in
593 1876 759 1916 poenam
792 1870 896 1902 terra
928 1871 1085 1915 reperta
1116 1877 1263 1904 meam.

808 1993 886 2039 XI.

299 2099 430 2149 Siquis
463 2110 534 2150 es,
566 2098 730 2137 insultes
763 2100 829 2149 qui
862 2098 1016 2137 casibus
1035 2130 1045 2150 ‚
1078 2098 1284 2150 improbe,
1316 2099 1487 2150 nostris,

297 2157 436 2208 Meque
470 2169 581 2196 reum
614 2157 769 2207 dempto
802 2157 877 2195 fine
910 2164 1097 2196 cruentus
1129 2169 1242 2208 agas,

298 2215 419 2254 Natus
452 2227 494 2254 es
527 2228 547 2254 e
580 2215 782 2267 scopuliS,
814 2216 986 2254 nutritus
1018 2215 1116 2254 lacte
1144 2216 1294 2267 serino,

297 2273 347 2312 Et
378 2274 503 2312 dicam
536 2274 664 2313 silices
696 2279 834 2324 pectus
866 2273 1010 2312 habere
1042 2280 1175 2312 tuum.
