1570 2527
608 119 649 152 V.
677 121 874 154 393—466.
1331 117 1414 159 115

100 236 169 268 430
248 226 328 266 Cur
361 227 556 266 externati
587 239 728 265 rursus
761 233 926 279 agantur
956 229 1070 279 equi.

187 285 317 325 Foeda
350 285 566 337 Lycaoniae
597 291 754 336 repetes
780 287 955 325 convivia
986 298 1168 338 mensae,

248 344 554 396 Temptabisque
587 343 666 383 cibi
696 344 829 383 fallere
862 345 998 384 fraude
1030 344 1182 384 Iovem.

188 402 323 454 Teque
356 402 497 454 aliquis
528 404 656 454 posito
691 408 855 454 temptet
886 405 964 442 vim
996 405 1168 443 numinis
1200 410 1316 456 opto,

246 461 470 501 Tantalides
501 467 546 501 ut
578 463 631 500 sis
663 467 706 500 tu
740 461 922 513 Celeique
955 474 1076 514 puer.

98 527 166 560 435
186 520 237 559 Et
267 526 335 559 tua
368 522 424 559 sic
455 519 554 559 latos
587 527 820 572 spargantur
853 520 1028 559 membra
1058 533 1131 573 per
1162 533 1300 574 agros,

247 578 463 630 Tamquam
495 591 593 630 quae
626 581 771 630 patrias
804 579 1010 619 detinuere
1042 581 1147 620 vias.

187 639 289 677 Aere
321 637 488 676 Perilleo
520 650 635 676 veros
666 639 821 677 imitere
854 639 1064 690 iuvencos,

246 696 304 734 Ad
336 696 501 735 formam
532 698 636 735 tauri
668 698 924 736 conveniente
957 709 1077 736 sono,

188 753 316 805 thue
349 754 458 793 ferox
492 753 695 806 Phalaris,
727 755 859 806 lingua
890 757 1001 806 prius
1034 768 1127 795 ense
1160 762 1314 796 resecta

99 821 166 852 440
245 812 353 851 More
386 813 496 852 bovis
528 813 675 863 Paphio
709 813 865 852 clausus
897 815 937 852 in
970 826 1059 853 aere
1092 827 1246 865 gemas.

186 871 365 922 Dumque
398 871 528 910 redire
560 871 666 910 voles
699 873 782 910 aevi
814 871 988 911 melioris
1019 874 1059 911 in
1092 885 1238 925 annos,
1355 878 1412 921 (21)

245 929 297 969 Ut
328 936 439 969 vetus
471 930 626 969 Admeti
659 930 854 982 decipiare
888 943 1024 970 socer.

185 989 262 1028 Aut
293 1000 415 1040 eques
447 991 486 1027 in
520 989 638 1028 medii
669 1001 848 1040 mergare
880 991 1064 1041 voragine
1098 991 1229 1042 caeni,

244 1047 463 1086 Dummodo
496 1049 574 1087 sint
606 1048 674 1086 fati
705 1050 862 1087 nomina
894 1048 999 1088 nulla
1031 1050 1112 1088 tui.

97 1113 166 1145 445
186 1106 313 1157 Atque
347 1108 497 1145 utinam
528 1119 667 1158 pereas
686 1139 696 1158 ‚
727 1107 847 1146 veluti
879 1107 926 1146 de
960 1107 1144 1147 dentibus
1177 1109 1254 1147 orti

247 1164 404 1203 Sidonia
437 1167 549 1204 iactis
582 1165 696 1204 Graia
727 1178 797 1217 per
830 1178 919 1204 arva
946 1178 1086 1205 manu.

185 1222 235 1262 Et
268 1236 367 1275 quae
399 1223 592 1263 Pitthides
624 1224 718 1263 fecit
737 1256 747 1276 ,
780 1226 1007 1276 pariterque
1039 1224 1206 1264 Molinae

245 1281 437 1321 Eveniant
469 1284 587 1333 capiti
618 1289 706 1322 vota
739 1284 898 1322 sinistra
930 1289 1022 1322 tuo:

185 1339 235 1379 Et
266 1341 410 1392 quibus
443 1344 583 1393 exiguo
616 1347 676 1380 est
707 1342 878 1381 volucris
911 1342 1049 1381 devota
1081 1341 1235 1395 libello,

97 1406 164 1439 450
245 1399 418 1451 Corpora
450 1402 624 1451 proiecta
657 1413 755 1451 quae
788 1413 857 1439 sua
889 1407 1031 1452 purgat
1062 1413 1186 1452 aqua.

186 1457 355 1497 Vulnera
387 1464 523 1510 totque
556 1459 688 1511 feras,
722 1465 817 1510 quot
849 1459 993 1498 dicitur
1024 1459 1090 1498 ille
1124 1459 1284 1512 tulisse,

247 1516 366 1556 Cuius
399 1516 445 1555 ab
477 1517 629 1556 inferiis
661 1517 787 1557 culter
819 1517 956 1557 abesse
989 1518 1109 1557 solet.

186 1575 465 1627 Attonitusque
498 1587 608 1615 seces
628 1607 639 1628 ,
670 1582 714 1615 ut
745 1589 843 1627 quos
877 1576 1056 1628 Cybeleia
1087 1582 1213 1617 mater

245 1633 414 1686 Incitat,
446 1634 493 1673 ad
525 1634 714 1686 Phrygios
746 1635 833 1674 vilia
867 1635 1040 1674 membra
1073 1636 1231 1676 modos.

98 1698 165 1731 455
186 1691 320 1743 Deque
354 1694 436 1731 viro
468 1693 536 1732 fias
569 1706 641 1732 nec
674 1694 816 1732 femina
849 1706 921 1732 nec
953 1696 1012 1733 vir
1031 1726 1041 1746 ‚
1074 1701 1118 1734 ut
1149 1696 1273 1747 Attis,

243 1750 294 1790 Et
325 1753 476 1802 quatias
508 1751 614 1791 molli
646 1758 826 1804 tympana
859 1765 977 1792 rauca
1009 1765 1149 1793 manu.

185 1809 308 1861 Inque
340 1822 462 1862 pecus
494 1810 624 1850 subito
656 1810 816 1862 Magnae
849 1817 1002 1851 vertare
1035 1814 1233 1865 parentis,

243 1867 377 1908 Victor
408 1875 452 1908 ut
484 1874 545 1908 est
576 1869 695 1908 celeri
727 1872 906 1922 victaque
939 1883 1052 1910 versa
1084 1872 1206 1922 pede.

189 1927 354 1978 Solaque
388 1927 550 1967 Limone
582 1941 747 1980 poenam
779 1941 828 1968 ne
862 1931 1031 1969 senserit
1061 1929 1190 1982 illam,

98 1993 166 2025 460
246 1985 295 2024 Et
328 1992 394 2026 tua
426 1987 542 2026 dente
574 1987 658 2026 fero
690 1989 839 2027 viscera
871 1995 1005 2039 carpat
1037 2001 1186 2039 equus.

185 2045 262 2084 Aut
294 2051 338 2084 ut
370 2044 664 2098 Cassandreus,
696 2046 853 2085 domino
886 2059 965 2085 non
997 2048 1130 2086 mitior
1160 2046 1226 2086 illo

246 2103 412 2143 Saucius
443 2106 594 2155 ingesta
626 2105 909 2144 contumuleris
941 2105 1083 2144 humo.

185 2163 262 2202 Aut
293 2168 337 2202 ut
368 2162 603 2203 Abantiades
621 2194 633 2216 ,
665 2170 732 2203 aut
763 2169 808 2203 ut
839 2163 1034 2215 Cygneius
1066 2164 1207 2217 heros,
1353 2173 1409 2205 (22)

245 2220 408 2261 Clausus
440 2223 480 2261 in
514 2234 727 2273 aequoreas
759 2223 1032 2274 praecipiteris
1064 2234 1206 2274 aquas.

97 2287 164 2319 465
187 2279 348 2319 Victima
381 2280 441 2320 vel
471 2280 630 2320 Phoebo
663 2293 794 2320 sacras
826 2283 1010 2321 macteris
1043 2281 1090 2321 ad
1121 2294 1232 2334 aras,

246 2338 371 2384 Quam
403 2339 492 2379 tulit
523 2352 543 2379 a
576 2351 689 2378 saevo
723 2339 950 2381 Theudotus
982 2340 1095 2380 hoste
1126 2352 1289 2381 necem.

1148 2409 1196 2442 8*
