1570 2527
592 143 655 176 HI.
683 151 715 176 11
735 144 878 176 85—111
897 145 953 176 45.
1368 143 1452 185 173

227 252 323 291 Cum
355 250 484 290 subito
516 252 648 302 pinnis
680 253 847 302 agitatus
879 252 1075 291 inhorruit
1109 264 1199 305 aer,

165 319 206 349 10
287 310 337 349 Et
368 311 515 360 gemuit
547 322 666 360 parvo
699 315 803 348 mota
836 311 1007 349 fenestra
1041 323 1161 350 sono.

227 368 406 407 Territus
438 369 478 406 in
512 368 688 407 cubitum
721 368 850 407 relevo
890 382 974 408 mea
1014 369 1188 408 membra
1221 371 1452 422 sinistrum,

285 426 427 466 Pulsus
461 432 499 465 et
532 439 551 465 e
584 427 737 478 trepido
770 432 930 478 pectore
964 440 1125 467 somnus
1159 428 1260 468 abit.

229 485 362 524 Stabat
394 485 542 538 Amor,
574 485 684 524 vultu
717 498 795 524 non
829 499 904 537 quo
938 488 1047 537 prius
1081 499 1166 525 esse
1200 486 1371 539 solebat,

285 543 427 583 Fulcra
458 549 598 583 tenens
630 544 735 583 laeva
768 547 893 583 tristis
926 557 1065 584 acerna
1098 558 1240 597 manu,

165 611 206 641 15
227 603 307 642 Nec
339 608 521 653 torquem
554 603 652 641 collo
672 634 683 655 ,
716 615 788 642 nec
821 603 968 642 habens
1002 604 1146 642 crinale
1181 603 1342 656 capillo,

285 661 365 700 Nec
397 661 497 700 bene
531 662 741 713 dispositas
774 667 983 714 comptus,
1017 668 1061 701 ut
1092 668 1210 715 ante,
1244 674 1397 701 comas.

229 720 395 759 Horrida
427 720 650 771 pendebant
682 720 817 759 molles
850 733 970 772 super
1002 733 1067 759 ora
1101 721 1252 772 capilli,

285 778 336 817 Et
366 780 446 817 visa
479 784 538 817 est
570 778 693 818 oculis
724 779 882 817 horrida
915 781 1034 830 pinna
1067 782 1188 818 meis:

229 836 361 882 Qualis
393 838 433 875 in
465 839 592 875 aeriae
626 843 736 888 tergo
770 838 868 876 solet
902 850 987 876 esse
1020 838 1245 890 columbae,

164 903 207 935 20
287 895 540 934 Tractantum
573 895 716 934 multae
750 908 865 946 quam
898 898 1065 947 tetigere
1098 909 1255 935 manus.

227 953 340 992 Hunc
367 955 483 993 simul
504 956 667 1006 agnovi,
701 967 828 1005 neque
856 956 959 993 enim
987 954 1081 993 mihi
1107 957 1236 994 notior
1258 954 1374 1007 alter,
1395 963 1452 995 (85)

287 1012 445 1051 Talibus
478 1013 603 1051 adfata
637 1018 696 1051 est
726 1012 849 1051 libera
880 1012 1011 1064 lingua
1044 1016 1174 1053 sonis:

229 1068 282 1110 ‘O
316 1083 443 1123 puer,
477 1071 581 1110 exilii
614 1071 777 1122 decepto
811 1083 926 1110 causa
959 1074 1169 1123 magistro,

290 1129 413 1175 Quem
447 1130 520 1168 fuit
551 1130 687 1168 utilius
719 1142 796 1168 non
830 1130 1011 1169 docuisse
1044 1131 1162 1169 mihi!

165 1196 207 1228 25
228 1188 313 1227 Huc
347 1201 503 1240 quoque
536 1190 705 1240 venisti,
736 1201 810 1239 pax
842 1194 902 1228 est
933 1189 1000 1227 ubi
1034 1194 1210 1241 tempore
1243 1189 1374 1241 nullo,

288 1247 338 1286 Et
371 1249 448 1286 coit
480 1248 651 1286 astrictis
683 1246 873 1286 barbarus
907 1247 1038 1286 Hister
1070 1246 1218 1299 aquis?

231 1305 337 1351 Quae
371 1305 441 1344 tibi
474 1318 589 1344 causa
621 1307 702 1344 viae
723 1304 744 1344 ἶ)
776 1307 851 1344 nisi
883 1307 940 1344 uti
967 1305 1065 1344 mala
1097 1311 1233 1345 nostra
1264 1303 1454 1345 videres?

293 1364 398 1409 Quae
433 1370 552 1416 sunt,
585 1366 617 1402 si
650 1365 779 1402 nescis
799 1396 809 1415 ‚
841 1364 1030 1403 invidiosa
1063 1364 1157 1403 tibi.

231 1423 290 1462 Tu
322 1423 417 1461 mihi
449 1423 604 1462 dictasti
636 1422 826 1461 iuvenalia
859 1425 1030 1461 carmina
1062 1425 1241 1474 primus:

168 1491 211 1521 30
291 1482 467 1533 Apposui
499 1483 603 1520 senis
635 1487 674 1520 te
707 1481 805 1520 duce
839 1483 1012 1532 quinque
1044 1481 1188 1532 pedes.

233 1539 312 1579 Nec
345 1552 406 1578 me
439 1540 614 1578 Maeonio
648 1552 887 1590 consurgere
920 1541 1116 1592 carmine,
1149 1552 1221 1579 nec
1254 1552 1315 1578 me

291 1598 428 1637 DIccre
462 1610 692 1649 magnorum
724 1610 863 1650 passus
896 1610 937 1637 es
969 1604 1053 1638 3013
1085 1599 1251 1638 ducum.

233 1657 413 1696 Forsitan
446 1659 633 1709 exiguas,
667 1657 814 1708 aliquas
846 1662 975 1696 tamen
995 1689 1006 1709 ,
1038 1669 1152 1696 arcus
1186 1662 1224 1696 et
1256 1658 1356 1708 ignis

291 1716 441 1767 Ingenii
472 1717 575 1754 vires
608 1718 873 1754 comminuere
907 1718 1006 1755 mei.

170 1783 212 1814 35
234 1774 408 1826 Namque
441 1786 511 1825 ego
539 1774 631 1813 dum
665 1780 777 1814 canto
809 1780 874 1813 tua
908 1786 1027 1826 regna
1059 1780 1228 1826 tuaeque
1261 1776 1454 1827 parentis,

291 1833 335 1872 In
366 1833 516 1872 nullum
549 1845 634 1872 mea
666 1845 776 1872 mens
808 1833 954 1884 grande
987 1835 1134 1872 vacavit
1167 1846 1288 1884 opus.

233 1892 313 1931 Nec
346 1894 438 1931 satis
471 1892 544 1931 hoc
576 1893 731 1931 fuerat.
789 1892 908 1931 stulto
949 1904 1105 1943 quoque
1145 1893 1317 1931 carmine
1357 1893 1455 1944 feci,

292 1951 452 1989 Artibus
484 1956 529 1989 ut
559 1962 697 2002 posses
729 1963 806 1989 non
839 1950 949 1989 rudis
982 1963 1067 1990 esse
1100 1952 1221 1989 meis.

234 2009 309 2047 Pro
343 2009 485 2060 quibus
518 2009 676 2048 exilium
709 2010 853 2048 misero
886 2009 981 2047 mihi
1012 2009 1165 2048 reddita
1198 2021 1372 2062 merces,

170 2076 214 2107 40
295 2068 335 2106 Id
370 2080 525 2119 quoque
557 2070 598 2107 in
631 2069 815 2107 extremis
849 2073 888 2106 et
920 2069 1003 2106 sine
1036 2080 1130 2118 pace
1164 2067 1283 2106 locis.

235 2126 283 2165 At
315 2139 392 2165 non
426 2126 634 2165 Chionides
666 2126 880 2177 Eumolpus
913 2127 953 2164 in
986 2125 1141 2177 Orphea
1174 2126 1284 2179 talis,

293 2184 336 2224 In
368 2185 521 2236 Phryga
553 2198 625 2224 nec
660 2185 839 2236 Satyrum
872 2184 958 2223 talis
992 2184 1178 2236 Olympus
1211 2191 1317 2224 erat.

234 2243 412 2282 Praemia
444 2256 516 2283 nec
550 2243 694 2283 Chiron
727 2243 773 2282 ab
806 2243 952 2282 Achille
986 2243 1075 2282 talia
1108 2245 1234 2296 cepit3
1399 2253 1455 2285 (86)

296 2302 615 2354 Pythagoraeque
649 2303 780 2341 ferunt
812 2314 890 2340 non
923 2304 1104 2341 nocuisse
1136 2302 1324 2341 Numam.

172 2368 214 2399 45
237 2360 400 2400 Nomina
432 2373 509 2401 neu
541 2361 709 2400 referam
742 2361 900 2412 longum
933 2360 1095 2401 collecta
1126 2374 1197 2413 per
1229 2373 1388 2413 aevum,
