<?xml version="1.0" encoding="UTF-8"?>
<!DOCTYPE html PUBLIC "-//W3C//DTD XHTML 1.0 Transitional//EN"
    "http://www.w3.org/TR/xhtml1/DTD/xhtml1-transitional.dtd">
<html xmlns="http://www.w3.org/1999/xhtml" xml:lang="en" lang="en">
 <head>
  <title>
</title>
<meta http-equiv="Content-Type" content="text/html;charset=utf-8" />
  <meta name='ocr-system' content='tesseract 3.04.00' />
  <meta name='ocr-capabilities' content='ocr_page ocr_carea ocr_par ocr_line ocrx_word'/>
</head>
<body>
  <div class='ocr_page' id='page_1' title='image "./ovidopera03oviduoft_0325.png"; bbox 0 0 1570 2527; ppageno 0'>
   <div class='ocr_carea' id='block_1_1' title="bbox 584 93 1394 136">
    <p class='ocr_par' dir='ltr' id='par_1_1' title="bbox 584 93 1394 136">
     <span class='ocr_line' id='line_1_1' title="bbox 584 93 1394 136; baseline 0.007 -8"><span class='ocrx_word' id='word_1_1' title='bbox 584 96 647 129; x_wconf 88' lang='lat'>111.</span> <span class='ocrx_word' id='word_1_2' title='bbox 675 97 871 129; x_wconf 79' lang='lat'><strong>263—336.</strong></span> <span class='ocrx_word' id='word_1_3' title='bbox 1310 93 1394 136; x_wconf 83' lang='lat'>267</span> 
     </span>
    </p>
   </div>
   <div class='ocr_carea' id='block_1_2' title="bbox 81 202 1395 2366">
    <p class='ocr_par' dir='ltr' id='par_1_2' title="bbox 81 202 1395 2366">
     <span class='ocr_line' id='line_1_2' title="bbox 84 202 1298 254; baseline -0.002 -9"><span class='ocrx_word' id='word_1_4' title='bbox 84 213 153 247; x_wconf 88' lang='grc'>300</span> <span class='ocrx_word' id='word_1_5' title='bbox 231 204 316 243; x_wconf 88' lang='lat' dir='ltr'>Huc</span> <span class='ocrx_word' id='word_1_6' title='bbox 347 204 482 254; x_wconf 87' lang='lat' dir='ltr'>venit,</span> <span class='ocrx_word' id='word_1_7' title='bbox 515 208 554 242; x_wconf 90' lang='lat' dir='ltr'>et</span> <span class='ocrx_word' id='word_1_8' title='bbox 585 202 699 242; x_wconf 89' lang='lat' dir='ltr'>Fonti</span> <span class='ocrx_word' id='word_1_9' title='bbox 730 215 800 242; x_wconf 89' lang='lat' dir='ltr'>rex</span> <span class='ocrx_word' id='word_1_10' title='bbox 831 203 957 243; x_wconf 91' lang='lat' dir='ltr'><strong>Numa</strong></span> <span class='ocrx_word' id='word_1_11' title='bbox 989 209 1131 243; x_wconf 88' lang='lat' dir='ltr'>mactat</span> <span class='ocrx_word' id='word_1_12' title='bbox 1163 216 1298 243; x_wconf 85' lang='lat' dir='ltr'>ovem:</span> 
     </span>
     <span class='ocr_line' id='line_1_3' title="bbox 171 261 1126 314; baseline -0.001 -12"><span class='ocrx_word' id='word_1_13' title='bbox 171 263 368 314; x_wconf 82' lang='lat' dir='ltr'>Plenaque</span> <span class='ocrx_word' id='word_1_14' title='bbox 401 261 553 300; x_wconf 90' lang='lat' dir='ltr'>odorati</span> <span class='ocrx_word' id='word_1_15' title='bbox 584 261 757 313; x_wconf 87' lang='lat' dir='ltr'>disponit</span> <span class='ocrx_word' id='word_1_16' title='bbox 787 261 927 313; x_wconf 89' lang='lat' dir='ltr'>pocula</span> <span class='ocrx_word' id='word_1_17' title='bbox 959 261 1126 314; x_wconf 85' lang='lat' dir='ltr'>Bacchi,</span> 
     </span>
     <span class='ocr_line' id='line_1_4' title="bbox 230 320 1145 372; baseline 0 -12"><span class='ocrx_word' id='word_1_18' title='bbox 230 320 406 371; x_wconf 82' lang='lat' dir='ltr'>Cumque</span> <span class='ocrx_word' id='word_1_19' title='bbox 439 321 521 359; x_wconf 90' lang='lat' dir='ltr'>suis</span> <span class='ocrx_word' id='word_1_20' title='bbox 554 326 666 359; x_wconf 91' lang='lat' dir='ltr'>antro</span> <span class='ocrx_word' id='word_1_21' title='bbox 699 321 880 360; x_wconf 89' lang='lat' dir='ltr'>conditus</span> <span class='ocrx_word' id='word_1_22' title='bbox 913 322 997 372; x_wconf 91' lang='lat' dir='ltr'>ipse</span> <span class='ocrx_word' id='word_1_23' title='bbox 1029 320 1145 360; x_wconf 89' lang='lat' dir='ltr'>latet.</span> 
     </span>
     <span class='ocr_line' id='line_1_5' title="bbox 170 378 1191 432; baseline -0.001 -13"><span class='ocrx_word' id='word_1_24' title='bbox 170 379 228 419; x_wconf 87' lang='lat' dir='ltr'>Ad</span> <span class='ocrx_word' id='word_1_25' title='bbox 261 379 395 418; x_wconf 92' lang='lat' dir='ltr'>solitos</span> <span class='ocrx_word' id='word_1_26' title='bbox 426 380 589 417; x_wconf 88' lang='lat' dir='ltr'>veniunt</span> <span class='ocrx_word' id='word_1_27' title='bbox 622 378 814 418; x_wconf 81' lang='lat' dir='ltr'>silvestria</span> <span class='ocrx_word' id='word_1_28' title='bbox 846 381 1007 418; x_wconf 88' lang='lat' dir='ltr'>numina</span> <span class='ocrx_word' id='word_1_29' title='bbox 1040 380 1191 432; x_wconf 83' lang='lat' dir='ltr'>sontes,</span> 
     </span>
     <span class='ocr_line' id='line_1_6' title="bbox 230 437 1128 489; baseline 0 -13"><span class='ocrx_word' id='word_1_30' title='bbox 230 437 279 477; x_wconf 93' lang='lat' dir='ltr'>Et</span> <span class='ocrx_word' id='word_1_31' title='bbox 310 437 484 476; x_wconf 88' lang='lat' dir='ltr'>relevant</span> <span class='ocrx_word' id='word_1_32' title='bbox 515 437 638 476; x_wconf 89' lang='lat' dir='ltr'>multo</span> <span class='ocrx_word' id='word_1_33' title='bbox 670 442 830 489; x_wconf 83' lang='lat' dir='ltr'>pectora</span> <span class='ocrx_word' id='word_1_34' title='bbox 861 439 965 477; x_wconf 90' lang='lat' dir='ltr'>sicca</span> <span class='ocrx_word' id='word_1_35' title='bbox 996 450 1128 476; x_wconf 91' lang='lat' dir='ltr'>mero.</span> 
     </span>
     <span class='ocr_line' id='line_1_7' title="bbox 83 495 1395 548; baseline -0.002 -11"><span class='ocrx_word' id='word_1_36' title='bbox 83 506 151 537; x_wconf 86' lang='lat'>305</span> <span class='ocrx_word' id='word_1_37' title='bbox 172 496 267 536; x_wconf 93' lang='lat' dir='ltr'>Vina</span> <span class='ocrx_word' id='word_1_38' title='bbox 299 497 412 547; x_wconf 89' lang='lat' dir='ltr'>quies</span> <span class='ocrx_word' id='word_1_39' title='bbox 445 497 652 547; x_wconf 88' lang='lat' dir='ltr'>sequitur.</span> <span class='ocrx_word' id='word_1_40' title='bbox 703 496 829 547; x_wconf 89' lang='lat' dir='ltr'>gelido</span> <span class='ocrx_word' id='word_1_41' title='bbox 861 496 988 535; x_wconf 92' lang='lat' dir='ltr'>Numa</span> <span class='ocrx_word' id='word_1_42' title='bbox 1017 496 1150 548; x_wconf 86' lang='lat' dir='ltr'>prodit</span> <span class='ocrx_word' id='word_1_43' title='bbox 1182 495 1228 535; x_wconf 91' lang='lat' dir='ltr'>ab</span> <span class='ocrx_word' id='word_1_44' title='bbox 1259 500 1395 548; x_wconf 80' lang='lat' dir='ltr'>antro,</span> 
     </span>
     <span class='ocr_line' id='line_1_8' title="bbox 230 554 1137 606; baseline 0.001 -13"><span class='ocrx_word' id='word_1_45' title='bbox 230 554 442 606; x_wconf 88' lang='lat' dir='ltr'>Vinclaque</span> <span class='ocrx_word' id='word_1_46' title='bbox 475 556 620 606; x_wconf 88' lang='lat' dir='ltr'>sopitas</span> <span class='ocrx_word' id='word_1_47' title='bbox 653 554 758 593; x_wconf 83' lang='lat' dir='ltr'>addit</span> <span class='ocrx_word' id='word_1_48' title='bbox 789 557 828 593; x_wconf 95' lang='lat' dir='ltr'>in</span> <span class='ocrx_word' id='word_1_49' title='bbox 862 561 944 594; x_wconf 89' lang='lat' dir='ltr'>arta</span> <span class='ocrx_word' id='word_1_50' title='bbox 976 567 1137 594; x_wconf 88' lang='lat' dir='ltr'>manus.</span> 
     </span>
     <span class='ocr_line' id='line_1_9' title="bbox 173 612 1320 666; baseline 0 -13"><span class='ocrx_word' id='word_1_51' title='bbox 173 614 341 653; x_wconf 88' lang='lat' dir='ltr'>Somnus</span> <span class='ocrx_word' id='word_1_52' title='bbox 374 619 418 652; x_wconf 91' lang='lat' dir='ltr'>ut</span> <span class='ocrx_word' id='word_1_53' title='bbox 450 612 667 665; x_wconf 84' lang='lat' dir='ltr'>abscessit,</span> <span class='ocrx_word' id='word_1_54' title='bbox 700 614 909 665; x_wconf 86' lang='lat' dir='ltr'>pugnando</span> <span class='ocrx_word' id='word_1_55' title='bbox 942 614 1094 653; x_wconf 89' lang='lat' dir='ltr'>vincula</span> <span class='ocrx_word' id='word_1_56' title='bbox 1127 618 1320 666; x_wconf 80' lang='lat' dir='ltr'>temptant</span> 
     </span>
     <span class='ocr_line' id='line_1_10' title="bbox 230 672 1182 722; baseline 0 -11"><span class='ocrx_word' id='word_1_57' title='bbox 230 672 458 722; x_wconf 85' lang='lat' dir='ltr'>Rumpere:</span> <span class='ocrx_word' id='word_1_58' title='bbox 502 678 722 722; x_wconf 82' lang='lat' dir='ltr'>pugnantes</span> <span class='ocrx_word' id='word_1_59' title='bbox 755 672 897 711; x_wconf 89' lang='lat' dir='ltr'>fortius</span> <span class='ocrx_word' id='word_1_60' title='bbox 928 672 993 711; x_wconf 93' lang='lat' dir='ltr'>illa</span> <span class='ocrx_word' id='word_1_61' title='bbox 1025 678 1182 712; x_wconf 89' lang='lat' dir='ltr'>tenent.</span> 
     </span>
     <span class='ocr_line' id='line_1_11' title="bbox 169 727 1395 783; baseline -0.001 -13"><span class='ocrx_word' id='word_1_62' title='bbox 169 731 281 770; x_wconf 89' lang='lat' dir='ltr'>Tunc</span> <span class='ocrx_word' id='word_1_63' title='bbox 312 730 460 770; x_wconf 84' lang='lat' dir='ltr'>Numa:</span> <span class='ocrx_word' id='word_1_64' title='bbox 497 727 557 768; x_wconf 77' lang='lat' dir='ltr'>‘di</span> <span class='ocrx_word' id='word_1_65' title='bbox 590 742 795 770; x_wconf 90' lang='lat' dir='ltr'>nemorum</span> <span class='ocrx_word' id='word_1_66' title='bbox 814 762 825 782; x_wconf 88' lang='lat'><em>,</em></span> <span class='ocrx_word' id='word_1_67' title='bbox 857 731 970 770; x_wconf 85' lang='lat' dir='ltr'>sactis</span> <span class='ocrx_word' id='word_1_68' title='bbox 1001 733 1191 783; x_wconf 84' lang='lat' dir='ltr'>ignoscite</span> <span class='ocrx_word' id='word_1_69' title='bbox 1224 731 1395 782; x_wconf 82' lang='lat' dir='ltr'>nostris,</span> 
     </span>
     <span class='ocr_line' id='line_1_12' title="bbox 83 789 1076 842; baseline -0.002 -12"><span class='ocrx_word' id='word_1_70' title='bbox 83 798 150 830; x_wconf 87' lang='lat'>310</span> <span class='ocrx_word' id='word_1_71' title='bbox 231 790 273 828; x_wconf 88' lang='lat' dir='ltr'>Si</span> <span class='ocrx_word' id='word_1_72' title='bbox 304 789 433 828; x_wconf 90' lang='lat' dir='ltr'>scelus</span> <span class='ocrx_word' id='word_1_73' title='bbox 465 790 621 840; x_wconf 89' lang='lat' dir='ltr'>ingenio</span> <span class='ocrx_word' id='word_1_74' title='bbox 654 790 762 828; x_wconf 88' lang='lat' dir='ltr'>scitis</span> <span class='ocrx_word' id='word_1_75' title='bbox 796 789 932 828; x_wconf 88' lang='lat' dir='ltr'>abesse</span> <span class='ocrx_word' id='word_1_76' title='bbox 965 802 1076 842; x_wconf 84' lang='lat' dir='ltr'>meo3</span> 
     </span>
     <span class='ocr_line' id='line_1_13' title="bbox 172 844 1305 900; baseline -0.001 -13"><span class='ocrx_word' id='word_1_77' title='bbox 172 848 337 899; x_wconf 86' lang='lat' dir='ltr'>Quoque</span> <span class='ocrx_word' id='word_1_78' title='bbox 365 847 484 886; x_wconf 91' lang='lat' dir='ltr'>-modo</span> <span class='ocrx_word' id='word_1_79' title='bbox 517 849 642 898; x_wconf 88' lang='lat' dir='ltr'>possit</span> <span class='ocrx_word' id='word_1_80' title='bbox 674 848 851 900; x_wconf 85' lang='lat' dir='ltr'>fulmen,</span> <span class='ocrx_word' id='word_1_81' title='bbox 883 854 1098 887; x_wconf 89' lang='lat' dir='ltr'>monstrate</span> <span class='ocrx_word' id='word_1_82' title='bbox 1118 878 1129 899; x_wconf 81' lang='lat'><em>‚</em></span> <span class='ocrx_word' id='word_1_83' title='bbox 1161 844 1305 899; x_wconf 87' lang='lat' dir='ltr'>piari.&#39;</span> 
     </span>
     <span class='ocr_line' id='line_1_14' title="bbox 230 904 1282 956; baseline 0 -11"><span class='ocrx_word' id='word_1_84' title='bbox 230 905 295 945; x_wconf 90' lang='lat' dir='ltr'>Sic</span> <span class='ocrx_word' id='word_1_85' title='bbox 326 904 479 944; x_wconf 85' lang='lat' dir='ltr'>Numa.</span> <span class='ocrx_word' id='word_1_86' title='bbox 536 906 592 944; x_wconf 89' lang='lat' dir='ltr'>sic</span> <span class='ocrx_word' id='word_1_87' title='bbox 626 907 805 956; x_wconf 85' lang='lat' dir='ltr'>quatiens</span> <span class='ocrx_word' id='word_1_88' title='bbox 838 918 985 945; x_wconf 90' lang='lat' dir='ltr'>cornua</span> <span class='ocrx_word' id='word_1_89' title='bbox 1018 906 1175 945; x_wconf 85' lang='lat' dir='ltr'>Faunus</span> <span class='ocrx_word' id='word_1_90' title='bbox 1208 907 1282 945; x_wconf 87' lang='lat' dir='ltr'>ait:</span> 
     </span>
     <span class='ocr_line' id='line_1_15' title="bbox 170 962 1365 1016; baseline -0.001 -12"><span class='ocrx_word' id='word_1_91' title='bbox 170 962 326 1016; x_wconf 76' lang='lat' dir='ltr'>‘Magna</span> <span class='ocrx_word' id='word_1_92' title='bbox 358 965 488 1016; x_wconf 87' lang='lat' dir='ltr'>petis,</span> <span class='ocrx_word' id='word_1_93' title='bbox 521 976 593 1003; x_wconf 89' lang='lat' dir='ltr'>nec</span> <span class='ocrx_word' id='word_1_94' title='bbox 626 976 724 1015; x_wconf 88' lang='lat' dir='ltr'>quae</span> <span class='ocrx_word' id='word_1_95' title='bbox 757 966 910 1004; x_wconf 91' lang='lat' dir='ltr'>monitu</span> <span class='ocrx_word' id='word_1_96' title='bbox 942 964 1013 1004; x_wconf 90' lang='lat' dir='ltr'>tibi</span> <span class='ocrx_word' id='word_1_97' title='bbox 1045 965 1197 1004; x_wconf 85' lang='lat' dir='ltr'>discere</span> <span class='ocrx_word' id='word_1_98' title='bbox 1230 970 1365 1004; x_wconf 90' lang='lat' dir='ltr'>nostro</span> 
     </span>
     <span class='ocr_line' id='line_1_16' title="bbox 228 1021 1240 1063; baseline 0 -1"><span class='ocrx_word' id='word_1_99' title='bbox 228 1023 302 1062; x_wconf 89' lang='lat' dir='ltr'>Fas</span> <span class='ocrx_word' id='word_1_100' title='bbox 334 1024 414 1062; x_wconf 89' lang='lat' dir='ltr'>sit.</span> <span class='ocrx_word' id='word_1_101' title='bbox 470 1021 616 1061; x_wconf 91' lang='lat' dir='ltr'>habent</span> <span class='ocrx_word' id='word_1_102' title='bbox 647 1024 734 1061; x_wconf 85' lang='lat' dir='ltr'>finis</span> <span class='ocrx_word' id='word_1_103' title='bbox 766 1025 927 1062; x_wconf 90' lang='lat' dir='ltr'>numina</span> <span class='ocrx_word' id='word_1_104' title='bbox 959 1030 1093 1063; x_wconf 87' lang='lat' dir='ltr'>nostra</span> <span class='ocrx_word' id='word_1_105' title='bbox 1126 1035 1240 1063; x_wconf 85' lang='lat' dir='ltr'>suos.</span> 
     </span>
     <span class='ocr_line' id='line_1_17' title="bbox 82 1082 1235 1132; baseline -0.002 -9"><span class='ocrx_word' id='word_1_106' title='bbox 82 1091 149 1123; x_wconf 85' lang='lat'>315</span> <span class='ocrx_word' id='word_1_107' title='bbox 170 1083 216 1122; x_wconf 91' lang='lat' dir='ltr'>Di</span> <span class='ocrx_word' id='word_1_108' title='bbox 248 1093 384 1121; x_wconf 90' lang='lat' dir='ltr'>sumus</span> <span class='ocrx_word' id='word_1_109' title='bbox 416 1086 590 1132; x_wconf 82' lang='lat' dir='ltr'>agrestes</span> <span class='ocrx_word' id='word_1_110' title='bbox 623 1087 662 1120; x_wconf 87' lang='lat' dir='ltr'>et</span> <span class='ocrx_word' id='word_1_111' title='bbox 694 1083 764 1132; x_wconf 91' lang='lat' dir='ltr'>qui</span> <span class='ocrx_word' id='word_1_112' title='bbox 795 1082 1043 1121; x_wconf 85' lang='lat' dir='ltr'>dominemur</span> <span class='ocrx_word' id='word_1_113' title='bbox 1074 1084 1115 1121; x_wconf 94' lang='lat' dir='ltr'>in</span> <span class='ocrx_word' id='word_1_114' title='bbox 1147 1082 1235 1121; x_wconf 88' lang='lat' dir='ltr'>altis</span> 
     </span>
     <span class='ocr_line' id='line_1_18' title="bbox 229 1139 1227 1180; baseline 0 -1"><span class='ocrx_word' id='word_1_115' title='bbox 229 1139 455 1179; x_wconf 86' lang='lat' dir='ltr'>Montibus.</span> <span class='ocrx_word' id='word_1_116' title='bbox 513 1140 720 1179; x_wconf 83' lang='lat' dir='ltr'>arbitrium</span> <span class='ocrx_word' id='word_1_117' title='bbox 752 1146 812 1179; x_wconf 86' lang='lat' dir='ltr'>est</span> <span class='ocrx_word' id='word_1_118' title='bbox 843 1143 883 1179; x_wconf 91' lang='lat' dir='ltr'>in</span> <span class='ocrx_word' id='word_1_119' title='bbox 916 1153 985 1180; x_wconf 93' lang='lat' dir='ltr'>sua</span> <span class='ocrx_word' id='word_1_120' title='bbox 1018 1141 1092 1180; x_wconf 85' lang='lat' dir='ltr'>tela</span> <span class='ocrx_word' id='word_1_121' title='bbox 1125 1140 1227 1179; x_wconf 88' lang='lat' dir='ltr'>Iovi.</span> 
     </span>
     <span class='ocr_line' id='line_1_19' title="bbox 169 1199 1215 1250; baseline -0.001 -11"><span class='ocrx_word' id='word_1_122' title='bbox 169 1199 283 1239; x_wconf 89' lang='lat' dir='ltr'>Hunc</span> <span class='ocrx_word' id='word_1_123' title='bbox 316 1205 358 1238; x_wconf 89' lang='lat' dir='ltr'>tu</span> <span class='ocrx_word' id='word_1_124' title='bbox 391 1210 470 1237; x_wconf 92' lang='lat' dir='ltr'>non</span> <span class='ocrx_word' id='word_1_125' title='bbox 502 1200 650 1249; x_wconf 90' lang='lat' dir='ltr'>poteris</span> <span class='ocrx_word' id='word_1_126' title='bbox 682 1211 753 1250; x_wconf 87' lang='lat' dir='ltr'>per</span> <span class='ocrx_word' id='word_1_127' title='bbox 785 1204 822 1237; x_wconf 88' lang='lat' dir='ltr'>te</span> <span class='ocrx_word' id='word_1_128' title='bbox 855 1199 1051 1238; x_wconf 83' lang='lat' dir='ltr'>deducere</span> <span class='ocrx_word' id='word_1_129' title='bbox 1085 1199 1215 1250; x_wconf 83' lang='lat' dir='ltr'>caelo,</span> 
     </span>
     <span class='ocr_line' id='line_1_20' title="bbox 228 1255 1098 1309; baseline -0.001 -12"><span class='ocrx_word' id='word_1_130' title='bbox 228 1259 277 1297; x_wconf 87' lang='lat' dir='ltr'>At</span> <span class='ocrx_word' id='word_1_131' title='bbox 308 1258 456 1309; x_wconf 88' lang='lat' dir='ltr'>poteris</span> <span class='ocrx_word' id='word_1_132' title='bbox 488 1263 621 1296; x_wconf 89' lang='lat' dir='ltr'>nostra</span> <span class='ocrx_word' id='word_1_133' title='bbox 654 1258 818 1296; x_wconf 82' lang='lat' dir='ltr'>forsitan</span> <span class='ocrx_word' id='word_1_134' title='bbox 850 1269 946 1296; x_wconf 89' lang='lat' dir='ltr'>usus</span> <span class='ocrx_word' id='word_1_135' title='bbox 978 1255 1098 1309; x_wconf 82' lang='lat' dir='ltr'>ope.’</span> 
     </span>
     <span class='ocr_line' id='line_1_21' title="bbox 169 1315 1257 1367; baseline -0.001 -11"><span class='ocrx_word' id='word_1_136' title='bbox 169 1317 328 1356; x_wconf 85' lang='lat' dir='ltr'>Dixerat</span> <span class='ocrx_word' id='word_1_137' title='bbox 360 1316 455 1354; x_wconf 87' lang='lat' dir='ltr'>haec</span> <span class='ocrx_word' id='word_1_138' title='bbox 487 1315 645 1354; x_wconf 89' lang='lat' dir='ltr'>Faunus</span> <span class='ocrx_word' id='word_1_139' title='bbox 665 1346 674 1355; x_wconf 89' lang='lat'><strong>.</strong></span> <span class='ocrx_word' id='word_1_140' title='bbox 731 1327 800 1367; x_wconf 89' lang='lat' dir='ltr'>par</span> <span class='ocrx_word' id='word_1_141' title='bbox 833 1323 893 1355; x_wconf 88' lang='lat' dir='ltr'>est</span> <span class='ocrx_word' id='word_1_142' title='bbox 925 1318 1119 1355; x_wconf 87' lang='lat' dir='ltr'>sententia</span> <span class='ocrx_word' id='word_1_143' title='bbox 1151 1316 1257 1355; x_wconf 77' lang='lat' dir='ltr'>Pici,</span> 
     </span>
     <span class='ocr_line' id='line_1_22' title="bbox 81 1371 1195 1427; baseline -0.002 -11"><span class='ocrx_word' id='word_1_144' title='bbox 81 1385 149 1416; x_wconf 77' lang='grc'>320</span> <span class='ocrx_word' id='word_1_145' title='bbox 229 1372 390 1414; x_wconf 70' lang='lat' dir='ltr'>‘Deme&#39;</span> <span class='ocrx_word' id='word_1_146' title='bbox 424 1381 553 1413; x_wconf 90' lang='lat' dir='ltr'>tamen</span> <span class='ocrx_word' id='word_1_147' title='bbox 588 1371 722 1413; x_wconf 80' lang='lat' dir='ltr'>‘nobis</span> <span class='ocrx_word' id='word_1_148' title='bbox 754 1374 907 1413; x_wconf 87' lang='lat' dir='ltr'>vincula</span> <span class='ocrx_word' id='word_1_149' title='bbox 927 1372 958 1427; x_wconf 75' lang='lat'>‚⁵</span> <span class='ocrx_word' id='word_1_150' title='bbox 992 1375 1109 1414; x_wconf 87' lang='lat' dir='ltr'>Picus</span> <span class='ocrx_word' id='word_1_151' title='bbox 1142 1376 1195 1414; x_wconf 89' lang='lat' dir='ltr'>ait</span> 
     </span>
     <span class='ocr_line' id='line_1_23' title="bbox 170 1432 1290 1486; baseline -0.001 -13"><span class='ocrx_word' id='word_1_152' title='bbox 170 1432 367 1486; x_wconf 74' lang='lat' dir='ltr'>‘luppiter</span> <span class='ocrx_word' id='word_1_153' title='bbox 398 1433 475 1472; x_wconf 90' lang='lat' dir='ltr'>huc</span> <span class='ocrx_word' id='word_1_154' title='bbox 508 1435 666 1485; x_wconf 89' lang='lat' dir='ltr'>veniet,</span> <span class='ocrx_word' id='word_1_155' title='bbox 699 1433 822 1472; x_wconf 88' lang='lat' dir='ltr'>valida</span> <span class='ocrx_word' id='word_1_156' title='bbox 854 1434 1071 1485; x_wconf 87' lang='lat' dir='ltr'>perductus</span> <span class='ocrx_word' id='word_1_157' title='bbox 1104 1433 1150 1472; x_wconf 92' lang='lat' dir='ltr'>ab</span> <span class='ocrx_word' id='word_1_158' title='bbox 1184 1439 1290 1472; x_wconf 90' lang='lat' dir='ltr'>arte.</span> 
     </span>
     <span class='ocr_line' id='line_1_24' title="bbox 227 1489 1138 1543; baseline 0 -12"><span class='ocrx_word' id='word_1_159' title='bbox 227 1491 368 1531; x_wconf 86' lang='lat' dir='ltr'>Nubila</span> <span class='ocrx_word' id='word_1_160' title='bbox 400 1492 584 1543; x_wconf 87' lang='lat' dir='ltr'>promissi</span> <span class='ocrx_word' id='word_1_161' title='bbox 617 1491 711 1543; x_wconf 84' lang='lat' dir='ltr'>Styx</span> <span class='ocrx_word' id='word_1_162' title='bbox 743 1491 838 1530; x_wconf 91' lang='lat' dir='ltr'>mihi</span> <span class='ocrx_word' id='word_1_163' title='bbox 871 1494 982 1531; x_wconf 89' lang='lat' dir='ltr'>testis</span> <span class='ocrx_word' id='word_1_164' title='bbox 1015 1489 1138 1531; x_wconf 88' lang='lat' dir='ltr'>erit.&#39;</span> 
     </span>
     <span class='ocr_line' id='line_1_25' title="bbox 170 1550 1323 1603; baseline -0.001 -13"><span class='ocrx_word' id='word_1_165' title='bbox 170 1551 313 1590; x_wconf 87' lang='lat' dir='ltr'>Emissi</span> <span class='ocrx_word' id='word_1_166' title='bbox 346 1550 495 1602; x_wconf 87' lang='lat' dir='ltr'>laqueis</span> <span class='ocrx_word' id='word_1_167' title='bbox 528 1550 623 1601; x_wconf 93' lang='lat' dir='ltr'>quid</span> <span class='ocrx_word' id='word_1_168' title='bbox 655 1556 798 1602; x_wconf 80' lang='lat' dir='ltr'>agant,</span> <span class='ocrx_word' id='word_1_169' title='bbox 832 1563 932 1601; x_wconf 89' lang='lat' dir='ltr'>quae</span> <span class='ocrx_word' id='word_1_170' title='bbox 964 1553 1136 1590; x_wconf 87' lang='lat' dir='ltr'>carmina</span> <span class='ocrx_word' id='word_1_171' title='bbox 1170 1551 1323 1603; x_wconf 85' lang='lat' dir='ltr'>dicant,</span> 
     </span>
     <span class='ocr_line' id='line_1_26' title="bbox 229 1608 1260 1662; baseline 0 -14"><span class='ocrx_word' id='word_1_172' title='bbox 229 1610 391 1660; x_wconf 87' lang='lat' dir='ltr'>Quaque</span> <span class='ocrx_word' id='word_1_173' title='bbox 425 1608 580 1648; x_wconf 86' lang='lat' dir='ltr'>trahant</span> <span class='ocrx_word' id='word_1_174' title='bbox 612 1610 766 1660; x_wconf 88' lang='lat' dir='ltr'>superis</span> <span class='ocrx_word' id='word_1_175' title='bbox 799 1609 959 1648; x_wconf 91' lang='lat' dir='ltr'>sedibus</span> <span class='ocrx_word' id='word_1_176' title='bbox 991 1616 1074 1649; x_wconf 88' lang='lat' dir='ltr'>arte</span> <span class='ocrx_word' id='word_1_177' title='bbox 1107 1609 1260 1662; x_wconf 80' lang='lat' dir='ltr'>Iovem,</span> 
     </span>
     <span class='ocr_line' id='line_1_27' title="bbox 82 1667 1242 1710; baseline -0.003 0"><span class='ocrx_word' id='word_1_178' title='bbox 82 1677 149 1710; x_wconf 78' lang='lat'>325</span> <span class='ocrx_word' id='word_1_179' title='bbox 171 1669 280 1708; x_wconf 89' lang='lat' dir='ltr'>Scire</span> <span class='ocrx_word' id='word_1_180' title='bbox 313 1668 422 1707; x_wconf 84' lang='lat' dir='ltr'>nefas</span> <span class='ocrx_word' id='word_1_181' title='bbox 454 1667 631 1706; x_wconf 89' lang='lat' dir='ltr'>homini.</span> <span class='ocrx_word' id='word_1_182' title='bbox 687 1667 800 1706; x_wconf 92' lang='lat' dir='ltr'>nobis</span> <span class='ocrx_word' id='word_1_183' title='bbox 833 1680 1020 1707; x_wconf 88' lang='lat' dir='ltr'>concessa</span> <span class='ocrx_word' id='word_1_184' title='bbox 1052 1674 1242 1707; x_wconf 88' lang='lat' dir='ltr'>canentur</span> 
     </span>
     <span class='ocr_line' id='line_1_28' title="bbox 229 1725 1076 1779; baseline -0.002 -12"><span class='ocrx_word' id='word_1_185' title='bbox 229 1727 415 1779; x_wconf 88' lang='lat' dir='ltr'>Quaeque</span> <span class='ocrx_word' id='word_1_186' title='bbox 447 1728 511 1777; x_wconf 93' lang='lat' dir='ltr'>pio</span> <span class='ocrx_word' id='word_1_187' title='bbox 545 1726 622 1765; x_wconf 91' lang='lat' dir='ltr'>dici</span> <span class='ocrx_word' id='word_1_188' title='bbox 652 1728 750 1765; x_wconf 87' lang='lat' dir='ltr'>vatis</span> <span class='ocrx_word' id='word_1_189' title='bbox 782 1725 829 1765; x_wconf 88' lang='lat' dir='ltr'>ab</span> <span class='ocrx_word' id='word_1_190' title='bbox 862 1738 930 1766; x_wconf 87' lang='lat' dir='ltr'>ore</span> <span class='ocrx_word' id='word_1_191' title='bbox 963 1727 1076 1766; x_wconf 88' lang='lat' dir='ltr'>licet.</span> 
     </span>
     <span class='ocr_line' id='line_1_29' title="bbox 169 1784 1186 1836; baseline -0.001 -11"><span class='ocrx_word' id='word_1_192' title='bbox 169 1786 341 1825; x_wconf 89' lang='lat' dir='ltr'>Eliciunt</span> <span class='ocrx_word' id='word_1_193' title='bbox 373 1785 479 1824; x_wconf 88' lang='lat' dir='ltr'>caelo</span> <span class='ocrx_word' id='word_1_194' title='bbox 512 1791 550 1824; x_wconf 89' lang='lat' dir='ltr'>te</span> <span class='ocrx_word' id='word_1_195' title='bbox 569 1816 580 1836; x_wconf 91' lang='lat'><strong><em>,</em></strong></span> <span class='ocrx_word' id='word_1_196' title='bbox 612 1784 816 1836; x_wconf 89' lang='lat' dir='ltr'>Iuppiter.</span> <span class='ocrx_word' id='word_1_197' title='bbox 877 1785 981 1825; x_wconf 91' lang='lat' dir='ltr'>unde</span> <span class='ocrx_word' id='word_1_198' title='bbox 1014 1787 1186 1825; x_wconf 89' lang='lat' dir='ltr'>minores</span> 
     </span>
     <span class='ocr_line' id='line_1_30' title="bbox 226 1843 1335 1896; baseline -0.001 -12"><span class='ocrx_word' id='word_1_199' title='bbox 226 1844 339 1884; x_wconf 88' lang='lat' dir='ltr'>Nunc</span> <span class='ocrx_word' id='word_1_200' title='bbox 372 1855 529 1896; x_wconf 90' lang='lat' dir='ltr'>quoque</span> <span class='ocrx_word' id='word_1_201' title='bbox 562 1849 599 1882; x_wconf 89' lang='lat' dir='ltr'>te</span> <span class='ocrx_word' id='word_1_202' title='bbox 632 1843 862 1895; x_wconf 87' lang='lat' dir='ltr'>celebrant,</span> <span class='ocrx_word' id='word_1_203' title='bbox 894 1843 1141 1896; x_wconf 85' lang='lat' dir='ltr'>Eliciumque</span> <span class='ocrx_word' id='word_1_204' title='bbox 1173 1849 1335 1883; x_wconf 85' lang='lat' dir='ltr'>vocant.</span> 
     </span>
     <span class='ocr_line' id='line_1_31' title="bbox 169 1903 1224 1955; baseline -0.001 -12"><span class='ocrx_word' id='word_1_205' title='bbox 169 1904 329 1943; x_wconf 84' lang='lat' dir='ltr'>Constat</span> <span class='ocrx_word' id='word_1_206' title='bbox 359 1903 574 1941; x_wconf 85' lang='lat' dir='ltr'>Aventinae</span> <span class='ocrx_word' id='word_1_207' title='bbox 605 1904 816 1942; x_wconf 89' lang='lat' dir='ltr'>tremuisse</span> <span class='ocrx_word' id='word_1_208' title='bbox 849 1905 1050 1942; x_wconf 85' lang='lat' dir='ltr'>cacumina</span> <span class='ocrx_word' id='word_1_209' title='bbox 1083 1903 1224 1955; x_wconf 84' lang='lat' dir='ltr'>silvae,</span> 
     </span>
     <span class='ocr_line' id='line_1_32' title="bbox 83 1960 1171 2012; baseline -0.003 -9"><span class='ocrx_word' id='word_1_210' title='bbox 83 1971 150 2003; x_wconf 88' lang='lat'>330</span> <span class='ocrx_word' id='word_1_211' title='bbox 229 1962 431 2012; x_wconf 88' lang='lat' dir='ltr'>Terraque</span> <span class='ocrx_word' id='word_1_212' title='bbox 464 1960 642 2000; x_wconf 89' lang='lat' dir='ltr'>subsedit</span> <span class='ocrx_word' id='word_1_213' title='bbox 673 1961 848 2012; x_wconf 88' lang='lat' dir='ltr'>pondere</span> <span class='ocrx_word' id='word_1_214' title='bbox 879 1973 1016 2012; x_wconf 86' lang='lat' dir='ltr'>pressa</span> <span class='ocrx_word' id='word_1_215' title='bbox 1048 1960 1171 2000; x_wconf 88' lang='lat' dir='ltr'>Iovis.</span> 
     </span>
     <span class='ocr_line' id='line_1_33' title="bbox 170 2020 1273 2072; baseline -0.002 -12"><span class='ocrx_word' id='word_1_216' title='bbox 170 2020 295 2060; x_wconf 88' lang='lat' dir='ltr'>Corda</span> <span class='ocrx_word' id='word_1_217' title='bbox 326 2021 472 2058; x_wconf 89' lang='lat' dir='ltr'>micant</span> <span class='ocrx_word' id='word_1_218' title='bbox 502 2021 635 2071; x_wconf 87' lang='lat' dir='ltr'>regis,</span> <span class='ocrx_word' id='word_1_219' title='bbox 669 2025 829 2070; x_wconf 92' lang='lat' dir='ltr'>totoque</span> <span class='ocrx_word' id='word_1_220' title='bbox 862 2032 883 2058; x_wconf 88' lang='lat' dir='ltr'>e</span> <span class='ocrx_word' id='word_1_221' title='bbox 915 2031 1082 2071; x_wconf 88' lang='lat' dir='ltr'>corpore</span> <span class='ocrx_word' id='word_1_222' title='bbox 1115 2021 1273 2072; x_wconf 85' lang='lat' dir='ltr'>sanguis</span> 
     </span>
     <span class='ocr_line' id='line_1_34' title="bbox 227 2077 1078 2130; baseline -0.001 -12"><span class='ocrx_word' id='word_1_223' title='bbox 227 2079 372 2130; x_wconf 87' lang='lat' dir='ltr'>Fugit,</span> <span class='ocrx_word' id='word_1_224' title='bbox 405 2084 444 2117; x_wconf 90' lang='lat' dir='ltr'>et</span> <span class='ocrx_word' id='word_1_225' title='bbox 475 2077 650 2117; x_wconf 89' lang='lat' dir='ltr'>hirsutae</span> <span class='ocrx_word' id='word_1_226' title='bbox 682 2077 889 2129; x_wconf 86' lang='lat' dir='ltr'>deriguere</span> <span class='ocrx_word' id='word_1_227' title='bbox 921 2090 1078 2117; x_wconf 91' lang='lat' dir='ltr'>comae.</span> 
     </span>
     <span class='ocr_line' id='line_1_35' title="bbox 171 2133 1171 2189; baseline -0.002 -11"><span class='ocrx_word' id='word_1_228' title='bbox 171 2138 219 2178; x_wconf 90' lang='lat' dir='ltr'>Ut</span> <span class='ocrx_word' id='word_1_229' title='bbox 250 2138 367 2177; x_wconf 88' lang='lat' dir='ltr'>rediit</span> <span class='ocrx_word' id='word_1_230' title='bbox 398 2138 579 2188; x_wconf 89' lang='lat' dir='ltr'>animus,</span> <span class='ocrx_word' id='word_1_231' title='bbox 614 2133 679 2175; x_wconf 69' lang='lat' dir='ltr'>‘da</span> <span class='ocrx_word' id='word_1_232' title='bbox 713 2142 820 2175; x_wconf 87' lang='lat' dir='ltr'>certa</span> <span class='ocrx_word' id='word_1_233' title='bbox 851 2134 1039 2189; x_wconf 83' lang='lat' dir='ltr'>piamina&#39;</span> <span class='ocrx_word' id='word_1_234' title='bbox 1074 2137 1171 2176; x_wconf 88' lang='lat' dir='ltr'>dixit</span> 
     </span>
     <span class='ocr_line' id='line_1_36' title="bbox 228 2195 1222 2248; baseline -0.001 -12"><span class='ocrx_word' id='word_1_235' title='bbox 228 2196 419 2236; x_wconf 89' lang='lat' dir='ltr'>Fulminis</span> <span class='ocrx_word' id='word_1_236' title='bbox 438 2228 448 2248; x_wconf 87' lang='lat'><em>‚</em></span> <span class='ocrx_word' id='word_1_237' title='bbox 480 2195 648 2234; x_wconf 88' lang='lat' dir='ltr'>altorum</span> <span class='ocrx_word' id='word_1_238' title='bbox 679 2207 827 2246; x_wconf 87' lang='lat' dir='ltr'>rexque</span> <span class='ocrx_word' id='word_1_239' title='bbox 859 2202 1049 2248; x_wconf 89' lang='lat' dir='ltr'>paterque</span> <span class='ocrx_word' id='word_1_240' title='bbox 1082 2196 1222 2248; x_wconf 87' lang='lat' dir='ltr'>deum,</span> 
     </span>
     <span class='ocr_line' id='line_1_37' title="bbox 83 2253 1144 2307; baseline -0.002 -11"><span class='ocrx_word' id='word_1_241' title='bbox 83 2264 149 2296; x_wconf 85' lang='lat'>335</span> <span class='ocrx_word' id='word_1_242' title='bbox 172 2256 211 2294; x_wconf 88' lang='lat' dir='ltr'>Si</span> <span class='ocrx_word' id='word_1_243' title='bbox 244 2262 310 2295; x_wconf 90' lang='lat' dir='ltr'>tua</span> <span class='ocrx_word' id='word_1_244' title='bbox 341 2256 577 2306; x_wconf 89' lang='lat' dir='ltr'>contigimus</span> <span class='ocrx_word' id='word_1_245' title='bbox 608 2253 788 2293; x_wconf 90' lang='lat' dir='ltr'>manibus</span> <span class='ocrx_word' id='word_1_246' title='bbox 820 2254 980 2294; x_wconf 89' lang='lat' dir='ltr'>donaria</span> <span class='ocrx_word' id='word_1_247' title='bbox 1011 2256 1144 2307; x_wconf 86' lang='lat' dir='ltr'>puris,</span> 
     </span>
     <span class='ocr_line' id='line_1_38' title="bbox 228 2309 1389 2366; baseline -0.002 -13"><span class='ocrx_word' id='word_1_248' title='bbox 228 2314 309 2353; x_wconf 88' lang='lat' dir='ltr'>Hoc</span> <span class='ocrx_word' id='word_1_249' title='bbox 341 2325 498 2365; x_wconf 88' lang='lat' dir='ltr'>quoque</span> <span class='ocrx_word' id='word_1_250' title='bbox 517 2345 528 2365; x_wconf 89' lang='lat'>‚</span> <span class='ocrx_word' id='word_1_251' title='bbox 560 2313 664 2365; x_wconf 90' lang='lat' dir='ltr'>quod</span> <span class='ocrx_word' id='word_1_252' title='bbox 696 2314 873 2366; x_wconf 87' lang='lat' dir='ltr'>petitur,</span> <span class='ocrx_word' id='word_1_253' title='bbox 914 2315 947 2352; x_wconf 92' lang='lat' dir='ltr'>si</span> <span class='ocrx_word' id='word_1_254' title='bbox 979 2315 1041 2364; x_wconf 88' lang='lat' dir='ltr'>pia</span> <span class='ocrx_word' id='word_1_255' title='bbox 1073 2313 1203 2365; x_wconf 87' lang='lat' dir='ltr'>lingua</span> <span class='ocrx_word' id='word_1_256' title='bbox 1236 2309 1389 2365; x_wconf 82' lang='lat' dir='ltr'>rogat.&#39;</span> 
     </span>
    </p>
   </div>
  </div>
 </body>
</html>
