1570 2527
608 114 634 147 Ι.
662 121 722 147 vn
745 114 869 147 1—70.
1330 109 1413 151 137

124 232 168 264 35
192 222 234 262 Si
266 224 396 262 minus
415 253 426 274 ,
458 221 530 261 hac
563 232 720 272 quoque
752 232 814 260 me
848 220 1075 260 mendacem
1107 226 1217 272 parte
1247 219 1418 260 fatebor.

250 281 387 335 Clausa
419 280 516 320 mihi
548 281 678 332 potius
711 284 792 318 tota
825 280 876 319 sit
908 280 981 318 ista
1014 279 1176 318 domus.

191 340 267 380 Sed
301 352 429 391 neque
463 339 678 379 claudenda
711 344 795 389 est,
832 344 871 377 et
902 338 1007 377 nulla
1039 339 1214 389 potentia
1245 338 1348 377 vires

249 398 478 438 Praestandi
497 429 508 451 ,
541 397 687 449 nequid
719 403 860 448 peccet
891 398 1069 450 amicus,
1102 396 1242 436 habet.

190 457 240 497 Et
273 465 402 498 tamen
434 463 479 496 ut
511 468 698 508 cuperem
731 455 885 507 culpam
919 468 1076 507 quoque
1115 467 1230 507 posse
1262 456 1421 507 negari,

125 525 170 558 40
252 516 316 555 Sic
350 517 502 555 facinus
534 527 649 554 nemo
682 516 809 554 nescit
841 514 978 554 abesse
1011 515 1128 555 mihi.

192 575 304 622 Quod
338 576 413 614 nisi
444 574 576 614 delicti
608 585 699 626 pars
732 573 966 613 excusabilis
999 579 1128 627 esset,

252 634 374 673 Parva
407 633 574 685 relegari
605 645 731 684 poena
764 633 895 672 futura
929 632 1026 674 fuit.

192 693 282 745 Ipse
317 691 386 732 sed
418 692 494 731 hoc
526 691 650 742 vidit,
684 693 751 742 qui
782 691 960 743 pervidet
992 692 1122 730 omnia
1141 721 1152 743 ,
1186 690 1352 742 Caesar,

253 751 467 790 Stultitiam
501 751 578 790 dici
610 751 773 789 crimina
806 762 922 801 posse
954 762 1062 789 mea:

127 818 172 850 45
194 809 356 861 Quaque
402 821 473 861 ego
519 810 710 861 permisi,
757 821 912 860 quaque
957 814 1017 847 est
1060 821 1124 847 res
1168 820 1311 860 passa,

925 869 1126 919 pepercit,
1369 875 1426 907 (26)

254 926 356 966 Usus
389 933 429 966 et
461 932 521 966 est
552 926 706 966 modice
739 925 913 965 fulminis
946 927 1035 976 igne
1069 927 1153 965 sui.

193 985 274 1026 Nec
307 987 425 1025 vitam
446 1017 457 1038 ,
489 997 562 1025 nec
595 997 689 1037 opes
708 1016 719 1037 ,
751 997 825 1024 nec
857 984 1003 1024 ademit
1034 996 1151 1036 posse
1184 986 1355 1036 reverti,

254 1044 296 1084 Si
328 1057 397 1084 sua
430 1056 501 1096 per
533 1050 682 1083 vestras
715 1045 814 1082 victa
849 1045 899 1082 sit
929 1045 987 1082 ira
1019 1056 1181 1095 preces.

194 1104 243 1143 At
274 1105 444 1155 graviter
477 1103 631 1143 cecidi.
682 1102 775 1154 quid
809 1104 914 1142 enim
945 1102 1155 1155 mirabile,
1188 1103 1312 1153 siquis

131 1171 175 1203 50
256 1162 285 1202 A
319 1162 408 1201 love
440 1174 656 1214 percussus
689 1174 767 1201 non
799 1161 882 1200 leve
915 1161 1057 1200 vulnus
1090 1158 1242 1200 habet?

196 1221 284 1273 lpse
318 1233 408 1260 suas
443 1223 561 1261 etiarn
593 1222 696 1259 vires
729 1219 928 1259 inhiberet
959 1220 1154 1273 Achilles,

258 1280 373 1319 Missa
406 1281 534 1331 gravis
568 1281 669 1318 ictus
703 1279 829 1318 Pelias
861 1279 971 1318 hasta
1004 1279 1142 1317 dabat.

197 1338 390 1378 iudicium
423 1338 537 1377 nobis
569 1339 689 1389 igitur
722 1350 812 1377 cum
845 1337 1010 1376 vindicis
1043 1337 1166 1388 adsit,

256 1397 341 1437 Non
375 1404 435 1437 est
468 1410 538 1437 cur
572 1404 636 1436 tua
670 1409 732 1436 me
765 1398 880 1435 ianua
913 1408 1029 1435 nosse
1063 1401 1201 1447 neget.

133 1464 176 1497 55
199 1456 311 1496 Culta
345 1456 503 1508 quidem
525 1487 535 1507 ,
568 1456 692 1494 fateor
712 1486 722 1506 ‚
756 1457 853 1495 citra
874 1486 884 1506 ,
917 1467 1033 1506 quam
1061 1455 1221 1505 debuit,
1247 1454 1310 1493 illa
1345 1460 1427 1494 est:

259 1515 335 1554 Sed
371 1516 443 1554 suit
476 1516 515 1553 in
551 1515 637 1553 satis
669 1514 744 1553 hoc
777 1526 934 1565 quoque
955 1545 965 1565 ,
998 1514 1115 1553 credo
1136 1545 1146 1564 ,
1179 1514 1299 1552 meis.

197 1573 246 1613 Ni
279 1573 461 1613 claudum
495 1574 667 1612 officium
701 1574 825 1612 sensit
857 1572 996 1612 domus
1029 1572 1149 1612 altera
1182 1576 1386 1623 nostrum,

258 1632 328 1672 Hic
350 1665 359 1683 ,
392 1633 501 1683 illic,
537 1638 665 1671 vestro
699 1631 772 1671 sub
806 1631 886 1670 lare
919 1644 1075 1683 semper
1108 1643 1238 1684 eram3

199 1690 386 1743 Quaeque
421 1698 485 1730 tua
519 1698 579 1730 est
612 1692 765 1742 pietas,
798 1697 840 1729 ut
875 1696 911 1729 te
944 1703 1022 1729 non
1056 1690 1207 1729 excolat.
1238 1691 1392 1741 ipsum,

135 1759 180 1792 60
260 1750 325 1790 lus
358 1750 514 1802 aliquod
549 1757 679 1789 tecum
714 1749 846 1788 fratris
880 1750 1029 1788 amicus
1061 1749 1202 1788 hahet.

198 1808 299 1856 Quid
333 1809 437 1861 quod
458 1840 468 1857 ‚
501 1816 543 1848 ut
570 1809 745 1848 emeritis
778 1808 984 1848 referenda
1012 1814 1070 1847 est
1096 1809 1220 1860 gratia
1253 1820 1428 1860 semper,

259 1867 323 1908 Sic
356 1876 413 1907 est
449 1869 629 1907 fortunae
662 1868 929 1919 promeruisse
961 1873 1074 1906 tuae.

201 1926 334 1977 [Quod
367 1928 398 1966 si
432 1928 628 1979 permittis
661 1926 775 1965 nohis
809 1926 1005 1978 suadere,
1039 1925 1130 1977 quid
1165 1930 1300 1977 optes,

260 1985 309 2025 Ut
342 1986 440 2036 deS,
474 1997 590 2037 quam
622 1985 791 2035 reddas,
824 1984 966 2036 plura,
998 1996 1162 2036 precare
1195 1982 1337 2033 deosl]

134 2052 178 2085 65
199 2044 321 2096 ldque
355 2045 450 2084 facis
469 2076 479 2096 ,
513 2049 781 2096 quantumque
814 2043 906 2082 licet
938 2044 1194 2095 meminisse,
1228 2042 1380 2082 solebas

259 2102 386 2142 Officii
420 2114 575 2143 causam
609 2102 789 2154 pluribus
823 2114 909 2141 esse
941 2103 1045 2153 pati.

200 2161 286 2208 Quo
320 2162 411 2201 libet
445 2163 485 2201 in
518 2174 683 2201 numero
716 2173 802 2212 me,
834 2160 1042 2199 Messaline
1061 2191 1072 2213 ,
1105 2171 1277 2212 repone,

261 2220 341 2260 Sim
374 2221 489 2261 modo
522 2233 613 2273 pars
646 2226 799 2259 vestrae
831 2231 910 2258 non
943 2219 1066 2258 aliena
1099 2218 1264 2258 domus:

201 2279 247 2318 Et
282 2280 379 2319 mala
413 2279 635 2330 Nasonem,
670 2280 853 2330 quoniam
886 2279 1079 2318 meruisse
1113 2278 1292 2330 videtur,
1371 2286 1428 2316 (2⁷)

135 2347 179 2380 70
262 2337 302 2377 Si
336 2351 412 2378 non
447 2340 550 2378 serre
583 2338 691 2378 doles
711 2368 722 2389 ,
754 2344 793 2377 at
825 2338 1016 2376 meruisse
1050 2336 1158 2377 dole.
