1570 2527
167 119 248 160 100
719 123 943 155 TRISTIUM

281 229 421 268 Libera
452 236 646 269 tormento
679 242 770 280 pars
802 230 896 269 mihi
927 243 975 269 ne
1008 243 1084 282 qua
1115 238 1248 284 vacet,

240 297 261 327 5
281 288 435 338 Perque
467 289 549 326 dies
581 288 724 326 multos
756 288 889 327 lateris
921 289 1160 328 cruciatibus
1192 302 1310 342 uror,

283 345 360 384 Seu
392 358 454 384 me
486 358 564 384 non
595 347 747 385 modico
781 347 927 398 frigore
959 347 1070 386 laesit
1101 347 1250 387 hiems.

284 404 324 442 Si
356 411 485 443 tamen
516 406 599 455 ipse
632 405 734 443 vales
753 435 764 456 ,
796 404 923 455 aliqua
954 417 1025 444 nos
1057 412 1168 456 parte
1199 406 1395 446 valemus:

283 462 434 514 Quippe
467 475 553 501 mea
584 469 643 502 est
675 465 822 502 umeris
854 463 951 502 fulta
981 464 1095 502 ruina
1126 466 1234 516 tuis,

283 520 388 572 Qui,
420 521 515 559 mihi
547 533 636 560 cum
669 521 824 560 dederis
855 523 1029 571 ingentia
1059 523 1222 572 pignora
1253 534 1421 574 cumque

220 587 261 618 10
282 578 357 616 Per
389 591 576 618 numeros
608 591 744 618 omnes
775 579 849 618 hoc
881 585 1016 618 tueare
1049 585 1188 632 caput,

283 636 395 682 Quod
427 643 492 676 tua
524 650 585 676 me
618 649 706 676 raro
741 637 888 676 solatur
920 638 1106 689 epistola,
1137 650 1298 689 peccas,

283 694 430 734 Remne
463 697 566 747 piam
596 701 771 747 praestas
791 728 801 748 ,
833 697 867 734 si
897 696 993 734 mihi
1027 696 1142 735 verba
1173 694 1327 747 negas?

281 752 364 792 Hoc
383 785 394 806 ,
425 766 595 806 precor,
628 753 818 793 emenda!
869 754 973 805 quod
1006 755 1039 793 si
1070 757 1290 794 correxeris
1323 767 1468 807 unum,

282 811 421 851 Nullus
453 814 495 851 in
526 814 682 863 egregio
716 824 880 863 corpore
913 824 1058 851 naevus
1091 814 1189 852 erit.

221 879 262 909 15
283 869 465 909 Pluribus
497 883 677 910 accusem
696 902 707 922 ,
739 871 825 909 fieri
856 872 933 909 nisi
964 872 1117 922 possit,
1148 877 1193 910 ut
1223 871 1271 910 ad
1303 884 1364 911 me

282 927 430 967 Littera
462 941 540 968 non
572 931 729 980 veniat,
762 931 879 967 missa
911 930 962 968 sit
992 928 1056 967 illa
1088 935 1240 968 tamen.

283 987 333 1025 Di
364 988 535 1040 faciant,
567 993 611 1026 ut
642 989 692 1026 sit
723 989 930 1026 temeraria
961 993 1095 1026 nostra
1127 987 1323 1039 querella,

283 1044 416 1096 Teque
448 1051 583 1097 putem
615 1045 709 1084 falso
742 1058 820 1084 non
852 1047 1076 1084 meminisse
1109 1045 1210 1084 mei!

285 1103 396 1149 Quod
421 1116 586 1155 precor,
607 1116 693 1142 esse
720 1104 864 1154 liquet.
896 1116 1024 1154 neque
1050 1105 1154 1142 enim
1173 1104 1359 1143 mutabile
1378 1104 1499 1143 robur

220 1170 263 1201 20
285 1161 454 1200 Credere
487 1175 547 1200 me
580 1163 637 1200 fas
670 1168 730 1200 est
760 1163 932 1213 pectoris
952 1172 1051 1200 'esse
1085 1164 1164 1201 tui.

285 1220 386 1259 Cana
417 1222 528 1270 prius
560 1220 686 1270 gelido
720 1221 848 1259 desint
879 1220 1071 1258 absinthia
1103 1220 1252 1273 Ponto,

284 1278 333 1317 Et
365 1285 494 1317 careat
525 1279 630 1318 dulci
661 1278 860 1316 Trinacris
891 1278 1014 1328 Hybla
1045 1278 1201 1330 thymo,

284 1336 544 1375 Inmemorem
576 1349 692 1387 quam
722 1342 761 1375 te
794 1338 999 1387 quisquam
1032 1338 1236 1375 convincat
1267 1338 1403 1376 amici.

284 1395 370 1433 Non
402 1397 454 1434 ita
486 1400 578 1434 sunt
609 1396 677 1433 fati
709 1396 873 1433 stamina
904 1396 1014 1445 nigra
1046 1394 1145 1433 mei!

221 1462 264 1492 25
285 1453 344 1492 Tu
377 1459 531 1505 tamen,
562 1459 606 1491 ut
636 1455 763 1504 possis
795 1452 910 1491 falsae
944 1465 1100 1503 quoque
1132 1452 1276 1503 pellere
1310 1453 1444 1505 culpae

286 1512 455 1550 Crimina
474 1543 484 1563 ,
517 1511 621 1562 quod
653 1523 730 1550 non
763 1523 805 1550 es
824 1543 834 1563 ,
866 1523 915 1549 ne
948 1511 1102 1549 videare
1122 1543 1132 1563 ,
1165 1510 1278 1550 cave!

284 1570 412 1621 thue
445 1569 665 1608 solebamus
698 1581 929 1608 consumere
961 1569 1074 1620 longa
1105 1569 1299 1620 loquendo

285 1628 477 1678 Tempora
496 1659 506 1679 ,
540 1639 760 1666 sermonem
793 1627 996 1666 deficiente
1029 1628 1113 1678 die,

288 1685 351 1724 Sic
384 1686 482 1724 ferat
513 1697 557 1724 ac
588 1686 735 1724 referat
766 1687 902 1724 tacitas
934 1697 1039 1724 nunc
1069 1686 1198 1724 littera
1230 1697 1369 1737 voces,

223 1753 266 1783 30
287 1743 336 1783 Et
367 1749 554 1795 peragant
584 1743 738 1793 linguae
771 1743 903 1781 charta
934 1755 1150 1793 manusque
1181 1745 1308 1782 vices.

287 1802 398 1847 Quod
430 1802 513 1840 sore
545 1813 593 1839 ne
625 1803 789 1840 nimium
820 1801 951 1839 videar
983 1801 1184 1853 diffidere,
1216 1803 1343 1852 sitque

285 1860 472 1898 Versibus
504 1860 577 1898 hoc
608 1861 743 1910 paucis
776 1859 1021 1898 admonuisse
1055 1861 1172 1910 satis,

286 1919 429 1969 Accipe
448 1950 460 1970 ,
491 1930 567 1969 quo
600 1929 754 1968 semper
786 1918 921 1956 finitur
953 1916 1114 1968 epistula
1146 1917 1288 1969 verbo,

287 1977 412 2028 Atque
431 2007 442 2025 ,
474 1978 571 2014 meis
603 1976 748 2015 distent
779 1981 823 2014 ut
853 1981 920 2014 tua
951 1976 1055 2027 fata,
1087 1975 1191 2014 vale!

771 2102 893 2149 XIV.

290 2209 441 2254 Quanta
471 2208 542 2247 tibi
574 2208 749 2247 dederim
780 2209 926 2246 nostris
957 2213 1208 2246 monumenta
1239 2205 1401 2258 libellis,

289 2266 319 2305 Ο
352 2267 446 2305 mihi
478 2279 538 2305 ine
571 2269 740 2305 coniunx
772 2267 928 2318 carior,
958 2267 1042 2317 ipsa
1072 2265 1201 2304 vides.

290 2324 472 2364 Detrahat
504 2327 653 2364 auctori
685 2324 851 2363 multum
883 2325 1038 2363 fortuna
1057 2355 1067 2375 ,
1098 2323 1251 2362 licebit:
