1570 2527
1299 82 1421 121 XXIII

79 193 329 243 imperatoris
361 192 563 241 accipitur,
595 191 657 230 cui
687 191 728 229 in
753 203 870 229 curru
894 191 1128 240 triumphali
1154 192 1306 241 effigies
1331 206 1418 241 pro-

81 253 229 292 vinciae
256 252 404 290 affabre
428 251 537 289 facta
562 250 766 299 supposita
783 250 872 298 fuit,
898 251 1009 288 velut
1034 251 1204 300 legimus
1226 251 1343 289 Trist.
1364 251 1422 288 IV

81 321 115 350 ΙΙ
147 313 201 350 43
242 309 423 349 Crinibus
459 311 584 357 fertur
623 309 832 347 Germania
863 311 1013 358 passis,
1057 310 1111 347 Et
1147 311 1255 348 ducis
1292 312 1422 348 invicti

80 372 149 409 sab
185 370 284 418 pede
325 371 471 407 maesta
513 369 624 411 sedet,
669 367 782 405 Pont.
821 367 861 404 II
898 376 980 405 V111
1020 369 1091 416 39,
1135 367 1195 405 ΙΙΙ
1233 377 1280 406 IV
1328 370 1420 406 107.

80 429 167 478 ipsa
209 430 343 466 tamen
385 427 507 465 verba
551 426 600 464 ad
648 426 886 464 locutionem
927 426 1139 476 figuratam
1183 429 1421 475 competunt,

82 499 200 537 quam
236 486 429 535 praebent
465 485 577 523 Fasti
616 485 635 522 I
675 486 756 524 701
802 486 963 533 religata
1007 487 1147 524 catenis
1182 486 1421 534 Iampridem

80 549 203 584 vestro
228 546 297 584 sub
315 546 414 592 pede
439 545 535 583 bella
560 546 693 593 iacent,
727 545 822 593 645,
855 544 973 582 Trist.
994 543 1056 581 ΙΙΙ
1075 553 1143 582 XII
1163 545 1230 593 48,
1262 543 1321 582 IV
1341 553 1375 582 11
1396 546 1418 582 2

83 603 316 643 Caesaribus
355 603 567 641 Germania
600 603 708 642 Victa
747 606 855 650 potes
897 605 993 649 flexo
1030 604 1271 642 succubuisse
1304 615 1422 651 cena,

80 663 150 700 ubi
182 675 297 711 quem
330 661 542 699 admodum
576 660 773 704 Caesares,
808 661 953 699 Caesar
984 664 1149 709 uterque,
1182 664 1247 709 qui
1272 664 1423 700 iuvenes

84 720 272 759 Caesareo
309 721 378 758 sub
415 722 568 757 nomine
598 722 769 757 crescunt
797 722 1091 769 nuncupantur,
1131 720 1252 758 etiam
1285 720 1424 759 Caesa·

84 791 193 818 reum
216 779 354 827 pedem
383 778 640 826 interpretari
670 778 797 826 possis
829 777 876 815 de
908 778 1051 815 militia
1082 779 1257 827 Augusti
1290 782 1329 817 et
1361 779 1425 817 Ti-

81 838 199 886 berii,
240 837 337 875 adeo
369 836 609 885 Germanici,
649 836 714 886 qui
754 836 859 874 bello
892 836 1115 874 Pannonico
1154 837 1256 875 dona
1288 837 1425 875 trium-

81 896 216 946 phalia
258 896 414 933 meruit.
489 894 638 933 Tiberii
681 897 720 933 et
759 895 933 945 Augusti
973 896 1091 944 paulo
1143 898 1234 933 ante
1284 896 1423 933 trium-

82 956 205 1005 phum
237 966 397 1002 aequum
428 956 490 992 ius
521 956 562 992 in
586 955 798 1001 provinciis
824 955 1116 1001 exercitibusque
1140 957 1186 992 ut
1211 956 1326 1002 esset,
1360 954 1424 992 de-

84 1016 235 1053 cretum
267 1013 479 1051 secundum
506 1012 706 1050 Velleium
731 1012 771 1050 ΙΙ
800 1014 893 1051 121.
967 1012 1024 1051 ita
1055 1014 1147 1061 Ipse
1171 1013 1237 1051 vix
1261 1013 1424 1051 habebit

84 1073 186 1111 unde
228 1072 408 1121 pendeat.
482 1071 747 1120 triumphasse
793 1071 995 1109 Tiberium
1040 1074 1211 1120 constat,
1257 1073 1297 1109 et
1336 1072 1424 1110 sub-

84 1132 212 1181 egisse
242 1131 402 1180 Illyrios
434 1131 607 1168 testatur
631 1130 806 1168 Velleius
832 1130 871 1167 II
899 1131 952 1168 39
980 1132 1020 1168 et
1049 1132 1149 1168 123:
1182 1130 1427 1179 triumphum

85 1191 132 1228 de
168 1190 216 1227 iis
248 1191 379 1228 actum
415 1201 609 1239 nusquam
646 1189 810 1237 reperio.
884 1188 1007 1237 ipsius
1048 1189 1242 1238 triumphi
1278 1189 1428 1227 recenti

84 1248 275 1287 memoria
306 1247 552 1297 auspicatum
584 1249 624 1285 et
656 1251 787 1295 aptum
811 1249 992 1295 precibus
1018 1250 1163 1295 tempus
1188 1248 1309 1286 fuisse
1337 1260 1425 1285 con-

85 1308 317 1346 sentaneum
343 1308 420 1355 est3
454 1306 522 1344 sed
547 1318 646 1355 quae
668 1306 715 1344 de
736 1306 900 1344 devictis
920 1306 999 1343 illis
1019 1307 1204 1355 gentibus
1231 1306 1426 1354 dicuntur,

84 1368 175 1404 acta
212 1367 325 1403 erant
360 1365 517 1403 biennio
556 1367 626 1403 aut
662 1365 831 1402 triennio
864 1366 973 1412 ante,
1013 1367 1148 1402 secuta
1179 1367 1265 1402 erat
1296 1364 1427 1403 clades

87 1424 275 1472 Variana,
313 1423 451 1461 deinde
489 1423 684 1471 expeditio
718 1423 951 1460 Germanica
989 1423 1167 1472 aliaeque
1204 1435 1268 1461 res
1307 1436 1330 1461 a
1362 1423 1426 1460 Ti-

86 1483 197 1521 berio
223 1484 370 1532 gestae.
445 1493 490 1519 ea
510 1482 542 1519 si
562 1483 979 1529 commemorarentur,
1011 1481 1236 1530 triumphus
1258 1481 1426 1530 demum,

87 1541 154 1590 qui
186 1540 332 1578 dilatus
364 1540 495 1578 fuerat
526 1543 689 1589 propter
720 1552 853 1577 rerum
883 1539 1131 1588 iniquitates,
1171 1542 1317 1589 quanto
1352 1543 1429 1579 ste-

86 1600 218 1647 tisset,
262 1599 435 1648 patebat.
508 1600 695 1648 poterant
731 1600 836 1636 certe
875 1600 1037 1636 eatenus
1075 1598 1236 1649 attingi,
1280 1602 1325 1636 ut
1364 1600 1428 1636 Ti-

87 1658 187 1696 berii
217 1657 494 1695 convenienter
524 1669 693 1705 persona
717 1657 981 1706 induceretur,
1013 1656 1063 1694 ad
1083 1669 1201 1707 quam
1220 1657 1319 1695 illud
1338 1659 1430 1706 Ipse

86 1716 311 1755 referretur.
385 1715 419 1754 si
461 1715 802 1754 verecundabatur
843 1717 962 1764 poeta
1005 1728 1150 1764 ponere
1195 1716 1299 1766 quod
1336 1716 1428 1755 Vel-

87 1775 188 1814 leius
220 1774 442 1818 edisseruit,
466 1778 558 1822 post
588 1775 732 1813 cladem
757 1775 826 1813 sub
860 1774 965 1812 Varo
997 1777 1191 1822 acceptam
1216 1777 1320 1814 ocius
1337 1788 1430 1824 pro-

87 1836 275 1883 sperrimo
305 1845 435 1872 rerum
461 1836 592 1871 eventu
624 1834 781 1872 eandem
812 1835 977 1871 excisam
1010 1833 1264 1871 Germaniam
1296 1837 1430 1872 trium-

80 1893 204 1942 phum
233 1894 374 1931 summi
405 1893 513 1930 ducis
544 1892 736 1931 adornare
766 1892 954 1935 debuisse,
994 1892 1126 1941 potuit
1158 1892 1214 1930 ita
1247 1893 1429 1942 scribere,

88 1954 134 1990 ut
157 1952 358 1999 placidum
388 1949 487 1987 illud
513 1962 565 1994 os,
590 1952 760 1998 pacifica
792 1951 939 1998 laurus,
971 1962 1033 1988 vv.
1067 1951 1119 1988 81
1156 1952 1223 1999 82,
1254 1951 1325 1989 illa
1356 1953 1429 1990 Zae-

88 2011 173 2048 titia
203 2022 238 2048 v.
267 2010 320 2048 88
348 2009 680 2058 triumphantium
711 2009 761 2047 ad
785 2009 906 2047 istam
930 2009 1030 2047 bene
1050 2011 1253 2058 gestorum
1273 2013 1431 2058 praeter

87 2068 238 2107 bellum
269 2068 537 2105 Pannonicum
569 2080 759 2106 summam
793 2070 969 2117 spectare
988 2067 1292 2116 intelligeretur.
1363 2069 1429 2107 sed

87 2126 205 2164 nimis
238 2139 418 2176 operose,
450 2126 583 2176 credo,
616 2139 684 2166 sex
714 2127 918 2166 versiculis
950 2127 1080 2164 locum
1106 2127 1299 2176 quaesivi,
1333 2141 1430 2177 quos

91 2185 216 2235 quivis
249 2197 360 2224 casus
392 2185 663 2235 undecumque
695 2186 874 2234 abripere
906 2185 1046 2233 potuit.

207 2244 244 2282 A
282 2245 555 2293 supplemento
591 2244 662 2282 illo
699 2257 762 2283 vv.
794 2244 833 2281 H
872 2252 925 2281 ΙΙΙ
960 2246 1011 2282 15
1056 2245 1107 2282 16
1153 2244 1204 2282 ad
1240 2244 1282 2282 II
1313 2254 1345 2283 V
1376 2247 1428 2284 36

89 2300 267 2352 integrae
311 2303 479 2353 paginae
519 2305 670 2352 septem
714 2302 942 2352 decurrunt3
985 2314 1057 2341 nec
1099 2302 1189 2340 inde
1228 2303 1277 2341 ad
1315 2304 1431 2341 finem
