1570 2527
607 141 671 173 ΠΙ.
698 149 730 173 11
751 142 899 174 12—84.
1347 139 1428 180 171

267 249 497 288 Consortem
530 248 678 287 Phoebi
710 261 806 300 gens
839 249 931 288 colit
962 249 1026 289 illa
1058 250 1192 289 deam.

207 307 366 358 Templa
400 314 558 346 manent
589 307 704 346 hodie
739 310 856 346 vastis
889 310 1020 346 innixa
1053 308 1268 360 columnis,

142 374 187 405 50
266 366 420 417 Perque
455 372 593 417 quater
625 367 746 404 denos
779 368 859 405 itur
890 369 929 405 in
963 367 1024 405 illa
1060 367 1226 417 gradus.

206 424 324 463 Fama
356 425 480 463 refert
510 425 589 463 illic
622 426 776 475 signum
810 425 976 464 caeleste
1011 426 1156 465 fuisse:

266 483 430 534 Quoque
464 485 592 522 minus
625 483 808 535 dubites,
843 489 918 522 stat
950 484 1053 522 basis
1086 484 1180 523 orba
1213 484 1309 524 dea:

206 542 359 593 Araque
379 574 389 593 ,
423 555 521 593 quae
555 543 682 580 suerat
714 548 852 580 natura
886 543 1048 581 candida
1081 545 1185 591 saxi,

265 600 430 639 Decolor
462 601 599 639 adfuso
632 603 753 639 tincta
785 613 926 639 cruore
960 601 1097 640 rubet.

145 667 188 698 55
210 659 368 697 Femina
402 672 512 698 sacra
545 661 636 698 facit
668 659 801 698 taedae
835 672 914 698 non
947 667 1038 698 nota
1070 660 1211 712 iugali,

266 717 372 763 Quae
405 725 565 769 superat
598 718 798 769 Scythicas
832 718 1034 757 nobilitate
1068 731 1215 757 nurus.

210 776 385 815 Sacrifici
416 789 540 828 genus
574 783 661 828 est,
695 779 750 815 sic
783 779 989 815 instituere
1021 779 1198 829 priores,

266 835 421 873 Advena
454 836 629 885 virgineo
663 847 800 873 caesus
834 841 877 873 ut
910 848 1002 873 ense
1036 836 1169 874 cadat.

205 893 337 944 Regna
370 894 526 932 Thoans
558 892 695 932 habuit
725 893 916 931 Maeotide
950 894 1077 932 clarus
1110 896 1149 932 in
1182 906 1274 946 ora,

142 960 186 991 60
265 952 346 991 Nec
379 953 452 991 suit
483 951 647 990 Euxinis
680 954 809 991 notior
842 952 939 990 alter
972 955 1105 1003 aquis.

207 1010 371 1062 Sceptra
402 1017 561 1050 tenente
594 1010 658 1049 illo
690 1010 857 1061 liquidas
890 1011 1031 1049 fecisse
1064 1024 1133 1062 per
1167 1023 1280 1049 auras

265 1069 406 1108 Nescio
440 1081 556 1121 quam
590 1069 724 1108 dicunt
757 1069 983 1120 Iphigenian
1017 1072 1115 1121 iter,

207 1129 330 1174 Quam
363 1128 514 1167 levibus
546 1130 672 1167 ventis
705 1128 778 1167 sub
811 1128 914 1167 nube
948 1141 1018 1179 per
1052 1133 1139 1167 aei-a
1174 1134 1322 1167 vectam

266 1187 449 1226 Creditur
481 1187 542 1225 his
574 1186 730 1225 Phoebe
763 1186 992 1237 deposuisse
1026 1188 1150 1227 locis.

141 1254 184 1285 65
205 1246 434 1284 Praesuerat
464 1245 609 1296 templo
642 1245 785 1284 multos
819 1258 862 1283 ea
895 1247 968 1284 rite
1000 1258 1071 1296 per
1104 1258 1249 1298 annos,
1370 1254 1426 1286 (82)

265 1305 386 1343 Invita
418 1316 610 1355 peragens
643 1306 770 1343 tristia
804 1316 912 1342 sacra
947 1316 1086 1343 manu:

206 1364 303 1403 Cum
336 1363 412 1402 duo
445 1363 604 1401 velifera
636 1364 798 1401 iuvenes
831 1375 973 1400 venere
1007 1365 1161 1415 carina,

264 1423 579 1472 Presseruntque
613 1433 684 1460 suo
717 1421 831 1460 litora
862 1429 996 1459 nostra
1030 1422 1156 1471 pede.

205 1481 280 1519 Par
312 1481 386 1519 fuit
417 1480 478 1518 his
511 1486 615 1518 aetas
647 1485 686 1518 et
718 1492 825 1518 amor
845 1512 855 1531 ,
888 1492 1056 1530 quorum
1090 1480 1187 1518 alter
1220 1480 1403 1532 Orestes,

143 1548 186 1578 70
266 1540 336 1578 Ast
366 1538 530 1590 Pylades
563 1538 689 1576 alter.
746 1540 902 1576 nomina
935 1539 1034 1576 fama
1067 1545 1196 1577 tenet.

206 1599 391 1637 Protinus
423 1599 600 1635 inmitem
632 1597 784 1635 Triviae
819 1597 1018 1635 ducuntur
1050 1597 1095 1635 ad
1128 1609 1254 1650 aram,

264 1657 419 1695 Evincti
450 1658 623 1707 geminas
656 1656 702 1694 ad
735 1668 804 1694 sua
837 1662 946 1706 terga
980 1668 1138 1694 manus.

208 1716 362 1767 Spargit
395 1727 492 1766 aqua
526 1721 659 1765 captos
691 1714 843 1752 lustrali
876 1714 988 1752 Graia
1022 1714 1228 1766 sacerdos,

263 1773 417 1812 Ambiat
449 1779 492 1812 ut
524 1773 646 1811 fulvas
678 1773 799 1811 infula
832 1773 944 1824 longa
978 1786 1130 1812 comas.

142 1842 185 1872 75
206 1833 385 1883 Dumque
417 1838 529 1883 parat
561 1844 714 1870 sacrum
734 1863 745 1884 ,
778 1831 871 1870 dum
905 1831 1003 1871 velat
1035 1838 1211 1883 tempora
1243 1834 1372 1884 vittis,

263 1891 361 1930 Dum
394 1891 526 1930 tardae
560 1903 696 1929 causas
727 1892 876 1929 invenit
907 1893 989 1941 ipsa
1023 1903 1177 1939 morae,

206 1947 328 1988 “Non
361 1962 432 2000 ego
465 1949 664 2001 crudelis,
697 1951 888 1988 iuvenes:
920 1951 1111 1999 ignoscite
1132 1946 1178 1988 2⁹⁹
1212 1949 1308 1988 dixit

265 2006 424 2047 “Sacra
457 2020 527 2047 suo
560 2009 658 2047 facio
690 2007 915 2046 barbariora
949 2008 1053 2046 loco.

204 2068 316 2106 Ritus
348 2069 381 2105 is
415 2072 474 2106 est
505 2069 660 2118 gentiS.
718 2079 793 2117 qua
825 2078 893 2104 vos
925 2071 1054 2105 tamen
1088 2066 1185 2104 urhe
1220 2065 1396 2106 venitis?

139 2134 183 2166 80
263 2125 422 2171 Quodve
454 2138 593 2177 parum
625 2126 750 2164 fausta
782 2137 913 2175 puppe
946 2126 1103 2175 petistis
1130 2122 1276 2163 iter‘?”

203 2185 335 2223 Dixit:
380 2191 419 2223 et
450 2184 582 2223 audito
613 2186 761 2235 patriae
794 2185 855 2234 pia
890 2185 1046 2222 nomine
1079 2185 1186 2234 virgo

263 2244 475 2282 Consortes
508 2243 617 2282 urbis
650 2245 843 2293 comperit
875 2254 960 2280 esse
994 2255 1111 2281 suae.

204 2299 440 2341 “Alteruter
471 2298 655 2341 nostris''
689 2303 816 2352 inquit
850 2298 998 2339 “cadat
1031 2301 1158 2340 hostia
1190 2303 1335 2341 sacris:

261 2361 316 2399 Ad
347 2362 493 2412 patrias
527 2361 639 2399 sedes
671 2362 834 2398 nuntius
867 2359 964 2398 alter
997 2357 1113 2399 eat.''
