1570 2527
534 129 563 162 1.
588 137 617 162 x
638 131 775 162 19-X1
795 130 850 162 35.
1311 124 1365 164 21

653 259 734 306 XI.

140 354 289 394 Littera
322 365 594 406 quaecumque
627 358 687 391 est
718 357 801 392 toto
833 352 905 391 tibi
936 351 1035 391 lecta
1067 350 1224 404 libello,

140 412 212 451 Est
242 412 339 452 mihi
371 412 537 452 sollicito
570 418 747 462 tempore
780 411 881 450 facta
913 412 1008 450 viae.

140 471 218 510 Aut
242 471 339 510 haec
365 484 426 511 me
440 502 451 523 ,
477 470 604 522 gelido
631 476 843 509 tremerem
870 481 960 508 cum
980 480 1115 508 mense
1142 466 1369 519 Decembri,

143 528 392 569 Scribentem
424 529 562 568 mediis
595 528 739 567 Hadria
770 528 866 567 vidit
899 529 1034 578 aquis:
1416 526 1423 533 “

100 595 122 627 5
141 589 218 626 Aut
236 619 247 640 ,
273 594 480 640 postquam
506 587 697 626 bimarem
724 599 842 625 cursu
870 587 1142 637 superavimus
1168 585 1343 625 Isthmon
1359 615 1370 637 ,

144 646 355 697 Alteraque
389 652 449 685 est
480 651 638 685 nostrae
672 650 826 696 sumpta
859 646 989 684 carina
1022 644 1158 696 fugae,

145 704 258 749 Quod
290 705 461 743 facerem
492 716 631 743 versus
662 705 767 742 inter
799 704 881 742 fera
913 715 1115 742 murmura
1146 704 1281 755 ponti,

143 762 327 814 Cycladas
359 762 534 813 Aegaeas
566 761 803 812 obstipuisse
835 767 955 812 puto.

140 820 227 872 Ipse
261 833 332 872 ego
364 833 470 860 nunc
502 822 623 858 miror
655 821 774 858 tantis
806 821 1003 870 animique
1037 820 1234 870 marisque

83 887 126 918 10
147 879 352 918 Fluctibus
383 881 585 930 ingenium
617 890 696 917 non
729 878 918 917 cecidisse
951 889 1105 916 meum.

145 938 224 977 Seu
257 943 395 989 stupor
426 937 518 977 huic
552 936 711 989 studio,
744 938 825 975 sive
858 941 918 975 est
949 937 1099 975 insania
1131 947 1299 988 nomen,

144 996 281 1035 Omnis
313 996 360 1035 ab
392 996 465 1035 hac
497 1008 592 1035 cura
624 1007 735 1034 mens
768 994 937 1034 relevata
968 1007 1054 1033 mea
1087 1000 1170 1033 est.

144 1054 268 1106 Saepe
302 1067 372 1105 ego
405 1054 595 1093 nimbosis
627 1053 770 1093 dubius
802 1054 973 1092 iactabar
1005 1053 1052 1092 ab
1084 1053 1252 1105 Haedis,

145 1113 269 1164 Saepe
301 1115 431 1152 minax
465 1113 652 1165 Steropes
685 1112 813 1151 sidere
845 1118 990 1163 pontus
1023 1118 1130 1164 erat,

82 1179 123 1210 15
146 1171 419 1223 Fuscabatque
452 1172 554 1211 diem
587 1176 720 1210 custos
754 1171 1056 1222 Erymanthidos
1090 1182 1229 1223 ursae,

146 1231 224 1269 Aut
254 1229 407 1282 Hyadas
441 1232 540 1269 seris
572 1230 757 1269 hauserat
789 1235 922 1268 auster
954 1231 1088 1280 aquss,

145 1288 268 1340 Saepe
301 1291 420 1328 maris
451 1301 542 1340 pars
573 1291 680 1328 intus
713 1293 824 1327 erat.
866 1293 997 1327 tamen
1028 1290 1112 1339 ipse
1146 1288 1331 1326 trementi

146 1346 326 1386 Carmina
359 1347 549 1386 ducebam
581 1347 880 1398 qualiacumque
913 1359 1053 1385 manu.

143 1404 257 1445 Nunc
290 1418 446 1457 quoque
479 1408 655 1445 contenti
686 1405 859 1444 stridunt
891 1405 1072 1455 aquilone
1104 1404 1318 1457 rudentes,

81 1471 124 1503 20
144 1463 268 1515 Inque
300 1464 460 1503 modum
492 1464 633 1503 tumuli
665 1476 832 1502 concava
865 1465 992 1514 surgit
1024 1475 1134 1514 aqua.

148 1522 236 1573 Ipse
269 1522 509 1574 gubernator
541 1522 681 1561 tollens
714 1521 760 1560 ad
794 1521 922 1560 sidera
954 1521 1101 1572 palmas

146 1580 335 1632 Exposcit
366 1583 465 1620 votis
484 1613 495 1634 ‚
527 1582 720 1620 inmemor
752 1582 847 1619 artis
866 1612 876 1632 ,
909 1592 1046 1630 opem.

148 1639 407 1690 Quocumque
439 1641 602 1692 aspexi,
634 1639 731 1677 nihil
764 1644 824 1677 est
855 1640 932 1677 nisi
964 1639 1101 1677 mortis
1133 1639 1283 1691 imago,

149 1697 274 1743 Quam
306 1698 424 1736 dubia
455 1699 574 1737 timeo
607 1703 737 1735 mente
756 1728 768 1749 ,
800 1698 1021 1747 timensque
1053 1708 1217 1748 precor.

83 1762 127 1794 25
148 1756 324 1807 Attigero
357 1762 516 1808 portum
535 1787 546 1807 ‚
578 1761 696 1807 portu
728 1755 909 1794 terrebor
942 1755 988 1793 ab
1020 1756 1130 1806 ipso:

146 1814 241 1853 Plus
273 1814 391 1853 habet
422 1815 564 1853 infesta
596 1819 702 1852 terra
734 1815 887 1852 timoris
920 1825 1042 1864 aqua.

145 1871 242 1911 Nam
274 1873 390 1912 simul
420 1873 574 1911 insidiis
605 1871 809 1910 hominum
840 1871 1046 1923 pelagique
1078 1871 1236 1924 laboro,

146 1930 197 1970 Et
228 1931 375 1970 faciunt
406 1933 583 1982 geminos
615 1932 721 1969 ensis
754 1935 794 1969 et
824 1930 929 1968 unda
961 1936 1112 1969 metus.

146 1989 214 2028 Ille
246 2001 333 2028 meo
365 2001 504 2028 vereor
535 2001 584 2027 ne
617 1994 750 2040 speret
781 1990 971 2039 sanguine
1002 1987 1210 2040 praedam,

83 2055 127 2087 30
146 2047 251 2086 Haec
283 2047 440 2087 titulum
471 2053 628 2087 nostrae
661 2049 799 2086 mortis
831 2047 976 2085 habere
1011 2047 1123 2085 velit.

146 2105 317 2145 Barbara
347 2119 438 2158 pars
469 2106 576 2145 laeva
608 2112 668 2145 est
699 2106 910 2156 avidaeque
943 2105 1103 2144 adsueta
1136 2106 1316 2159 rapinae,

148 2164 273 2210 Quam
305 2177 423 2204 cruor
454 2170 494 2204 et
525 2165 664 2203 caedes
695 2163 873 2215 bellaque
907 2175 1062 2215 semper
1093 2163 1261 2203 habent.

150 2222 325 2275 Cumque
358 2226 409 2263 sit
439 2223 617 2263 hibernis
649 2224 837 2274 agitatum
868 2221 1054 2261 fluctibus
1086 2234 1256 2275 aequor,

150 2280 315 2321 Pectora
347 2288 440 2322 sunt
470 2284 555 2334 ipso
589 2281 807 2320 turbidiora
839 2282 959 2319 mari.

85 2347 128 2379 35
151 2340 236 2386 Quo
269 2343 390 2392 magis
421 2341 482 2380 his
515 2339 634 2379 debes
665 2341 900 2392 ignoscere,
933 2338 1095 2379 candide
1126 2339 1273 2389 lector,
