1570 2527
170 130 256 172 312
712 131 965 165 PASTORUM

350 239 485 278 Sidera
518 238 735 278 cedebant:
779 251 848 290 par
880 245 963 279 erat
994 241 1119 279 omnis
1151 239 1298 279 honos.

291 298 412 349 Saepe
446 297 586 348 aliquis
619 298 744 349 solio,
778 297 881 348 quod
913 304 984 351 tu,
1018 298 1212 351 Saturne,
1244 298 1427 351 tenebas,

226 364 269 396 20
350 357 478 394 Ausus
511 356 558 394 de
591 355 716 394 media
747 356 858 406 plebe
892 357 1029 395 sedere
1062 357 1181 395 deus.

290 414 369 452 Nec
401 414 501 453 latus
535 413 689 452 Oceano
722 414 809 465 plus
843 427 958 466 quam
990 415 1086 454 deus
1119 414 1263 454 advena
1295 416 1444 467 iunxit,

349 472 494 523 Tethys
528 478 702 511 extremo
736 484 850 524 saepe
883 478 1039 524 recepta
1070 472 1155 512 loco
1188 479 1270 524 est,

289 530 420 570 Donec
452 530 584 569 Honor
616 531 845 582 placidoque
877 532 1021 570 decens
1053 531 1284 570 Reverentia
1315 529 1421 570 voltu

350 588 521 641 Corpora
552 589 735 640 legitimis
766 591 975 640 inposuere
1007 591 1127 628 toris.

226 655 268 686 25
290 646 389 686 HInc
421 653 501 686 sata
527 647 706 686 Maiestas
724 679 735 700 ‚
768 660 866 699 quae
893 648 1081 687 mundum
1107 654 1299 698 temperat
1330 658 1505 699 omnem3

350 706 510 757 Quaque
544 706 604 744 die
637 712 752 757 partu
784 712 844 745 est
875 707 975 746 edita
995 738 1005 758 ,
1038 718 1174 758 magna
1207 707 1301 745 fuit.

290 763 370 803 Nec
402 776 509 803 mora
529 795 540 817 ,
573 765 749 803 consedit
782 765 907 804 medio
941 765 1118 804 sublimis
1150 765 1311 816 Olympo

350 824 477 862 Aurea
496 855 506 875 ‚
538 835 738 874 purpureo
772 824 1046 875 conspicienda
1078 825 1188 862 sinu.

292 880 513 920 Consedere
548 882 663 920 simul
694 882 825 921 Pudor
858 888 896 921 et
927 882 1053 921 Metus
1073 911 1081 920 .
1138 894 1252 920 omne
1283 880 1435 919 videres

228 948 270 978 30
350 939 503 978 Numen
535 940 581 979 ad
614 940 713 979 hanc
746 940 873 979 cultus
905 942 1170 991 composuisse
1204 951 1316 978 suos.

290 997 474 1037 Protinus
505 1000 664 1037 intravit
694 1004 845 1037 mentes
878 1005 1085 1050 suspectus
1116 999 1333 1037 honorum:

350 1056 411 1095 Fit
442 1059 612 1107 pretium
645 1057 771 1108 dignis
790 1088 800 1108 ‚
832 1069 904 1096 nec
936 1057 1009 1096 sibi
1043 1059 1208 1108 quisque
1240 1056 1388 1106 placet.

292 1115 363 1153 Hic
397 1120 519 1154 status
551 1117 589 1153 in
623 1115 728 1153 caelo
762 1115 904 1154 multos
936 1117 1151 1166 permansit
1181 1116 1221 1153 in
1253 1109 1399 1166 annosj

351 1173 449 1212 Dum
483 1175 613 1212 senior
646 1174 734 1211 fatis
767 1173 909 1212 excidit
941 1185 1029 1212 arce
1062 1173 1180 1212 deus.

228 1239 271 1270 35
292 1231 413 1270 Terra
447 1232 549 1270 feros
581 1236 746 1283 partus,
778 1233 959 1270 immania
991 1238 1163 1270 monstra
1183 1263 1193 1283 ,
1225 1230 1407 1282 Gigantas

352 1289 484 1328 Edidit
515 1301 680 1328 ausuros
712 1292 751 1328 in
783 1289 883 1328 lovis
914 1292 971 1328 ire
1004 1290 1183 1329 domum.

296 1347 415 1398 [Mille
449 1360 586 1387 manus
618 1348 694 1387 illis
726 1348 831 1387 dedit
863 1354 901 1387 et
932 1360 1003 1399 pro
1036 1347 1218 1387 cruribus
1250 1358 1419 1398 angues,

352 1407 477 1457 Atque
509 1408 561 1446 ait
594 1403 669 1445 “in
701 1418 862 1457 magnos
894 1418 1000 1445 arma
1032 1412 1182 1445 movete
1215 1401 1386 1454 deos.”]

294 1464 508 1504 Exstruere
540 1465 580 1503 hi
612 1470 765 1504 montes
797 1465 843 1504 ad
876 1465 1003 1504 sidera
1036 1477 1186 1504 summa
1217 1462 1404 1515 parabant

229 1531 273 1562 40
353 1523 402 1562 Et
433 1536 615 1574 magnum
647 1523 748 1562 bello
781 1524 988 1562 sollicitare
1020 1523 1171 1562 Iovem.

296 1581 472 1620 Fulmina
504 1583 551 1621 de
585 1582 681 1621 caeli
711 1582 900 1621 iaculatus
932 1582 1107 1633 Iuppiter
1139 1594 1228 1620 arce

353 1639 477 1679 Vertit
507 1642 546 1679 in
580 1646 759 1680 auctores
791 1641 963 1691 pondera
994 1646 1099 1679 vasta
1132 1652 1245 1679 suos.

295 1698 363 1736 His
396 1698 494 1737 bene
527 1699 706 1738 Maiestas
738 1701 855 1737 armis
887 1699 1045 1737 defensa
1077 1699 1239 1738 deorum

355 1756 517 1808 Restat,
550 1763 589 1795 et
621 1769 667 1795 ex
699 1757 764 1795 illo
796 1762 972 1808 tempore
1005 1757 1108 1796 culta
1140 1761 1292 1795 manet.

229 1823 274 1854 45
295 1814 450 1853 Assidet
480 1815 569 1854 inde
602 1815 710 1864 Iovi,
742 1815 841 1853 Iovis
875 1821 935 1853 est
965 1815 1149 1853 fidissima
1183 1819 1338 1865 custos,

354 1872 403 1911 Et
433 1878 606 1924 praestat
638 1874 720 1912 sine
754 1875 789 1911 vi
822 1878 974 1924 sceptra
1007 1873 1172 1912 tenenda
1204 1871 1305 1910 Iovi.

296 1930 408 1970 Venit
440 1937 478 1970 et
508 1933 549 1970 in
580 1937 735 1970 terras.
792 1931 999 1970 coluerunt
1030 1930 1219 1969 Romulus
1250 1929 1354 1969 illam

354 1989 402 2028 Et
434 1989 586 2041 Numa3
620 2002 707 2028 mox
739 1989 830 2041 alii,
863 1995 1038 2040 tempore
1071 1991 1236 2040 quisque
1269 2000 1362 2027 suo.

296 2048 362 2087 Illa
394 2055 524 2099 patres
556 2050 596 2087 in
628 2048 776 2087 honore
809 2050 872 2099 pio
904 2054 1127 2099 matresque
1160 2052 1316 2094 tuetur,

234 2115 276 2146 50
355 2106 420 2145 llla
452 2118 584 2145 comes
614 2108 748 2158 pueris
780 2106 1072 2157 virginibusque
1107 2107 1232 2144 venit.

297 2164 363 2204 Illa
395 2165 504 2204 datos
536 2165 660 2204 fasces
693 2165 938 2204 commendat
969 2164 1145 2215 eburque
1177 2163 1336 2214 curule,

356 2223 424 2262 Illa
456 2225 651 2262 coronatis
683 2223 756 2262 alta
789 2223 1002 2274 triumphat
1033 2218 1188 2273 equis.’

297 2281 470 2320 Finierat
501 2293 615 2320 voces
648 2281 897 2333 Polyhymnia
918 2312 926 2319 .
983 2280 1084 2319 dicta
1115 2279 1331 2331 probarunt

357 2339 517 2391 Clioque
551 2346 590 2379 et
622 2352 762 2379 curvae
795 2341 890 2379 scita
923 2338 1054 2377 ThaHa
1085 2338 1212 2389 lyrae.
