<?xml version="1.0" encoding="UTF-8"?>
<!DOCTYPE html PUBLIC "-//W3C//DTD XHTML 1.0 Transitional//EN"
    "http://www.w3.org/TR/xhtml1/DTD/xhtml1-transitional.dtd">
<html xmlns="http://www.w3.org/1999/xhtml" xml:lang="en" lang="en">
 <head>
  <title>
</title>
<meta http-equiv="Content-Type" content="text/html;charset=utf-8" />
  <meta name='ocr-system' content='tesseract 3.04.00' />
  <meta name='ocr-capabilities' content='ocr_page ocr_carea ocr_par ocr_line ocrx_word'/>
</head>
<body>
  <div class='ocr_page' id='page_1' title='image "./ovidopera03oviduoft_0331.png"; bbox 0 0 1570 2527; ppageno 0'>
   <div class='ocr_carea' id='block_1_1' title="bbox 592 141 1402 186">
    <p class='ocr_par' dir='ltr' id='par_1_1' title="bbox 592 141 1402 186">
     <span class='ocr_line' id='line_1_1' title="bbox 592 141 1402 186; baseline 0.005 -14"><span class='ocrx_word' id='word_1_1' title='bbox 592 141 654 174; x_wconf 88' lang='lat'>111.</span> <span class='ocrx_word' id='word_1_2' title='bbox 682 143 879 174; x_wconf 72' lang='lat'>476-543.</span> <span class='ocrx_word' id='word_1_3' title='bbox 1314 143 1402 186; x_wconf 82' lang='lat'>273</span> 
     </span>
    </p>
   </div>
   <div class='ocr_carea' id='block_1_2' title="bbox 92 248 1402 534">
    <p class='ocr_par' dir='ltr' id='par_1_2' title="bbox 92 248 1402 534">
     <span class='ocr_line' id='line_1_2' title="bbox 240 248 1118 290; baseline 0.002 -2"><span class='ocrx_word' id='word_1_4' title='bbox 240 248 336 288; x_wconf 85' lang='lat' dir='ltr'>Nam</span> <span class='ocrx_word' id='word_1_5' title='bbox 367 248 438 288; x_wconf 91' lang='lat' dir='ltr'>tibi</span> <span class='ocrx_word' id='word_1_6' title='bbox 470 254 638 288; x_wconf 88' lang='lat' dir='ltr'>mutatae</span> <span class='ocrx_word' id='word_1_7' title='bbox 670 248 811 289; x_wconf 85' lang='lat' dir='ltr'>Libera</span> <span class='ocrx_word' id='word_1_8' title='bbox 843 261 985 289; x_wconf 85' lang='lat' dir='ltr'>nomen</span> <span class='ocrx_word' id='word_1_9' title='bbox 1018 252 1118 290; x_wconf 91' lang='lat' dir='ltr'>erit.</span> 
     </span>
     <span class='ocr_line' id='line_1_3' title="bbox 183 307 1293 363; baseline 0.003 -17"><span class='ocrx_word' id='word_1_10' title='bbox 183 307 346 358; x_wconf 79' lang='lat' dir='ltr'>Simque</span> <span class='ocrx_word' id='word_1_11' title='bbox 378 313 467 346; x_wconf 90' lang='lat' dir='ltr'>tuae</span> <span class='ocrx_word' id='word_1_12' title='bbox 499 313 630 346; x_wconf 88' lang='lat' dir='ltr'>tecum</span> <span class='ocrx_word' id='word_1_13' title='bbox 662 308 799 346; x_wconf 82' lang='lat' dir='ltr'>faciam</span> <span class='ocrx_word' id='word_1_14' title='bbox 831 310 1069 348; x_wconf 87' lang='lat' dir='ltr'>monimenta</span> <span class='ocrx_word' id='word_1_15' title='bbox 1102 321 1293 363; x_wconf 76' lang='lat' dir='ltr'>coronae,</span> 
     </span>
     <span class='ocr_line' id='line_1_4' title="bbox 239 365 1161 418; baseline 0.003 -15"><span class='ocrx_word' id='word_1_16' title='bbox 239 365 431 404; x_wconf 83' lang='lat' dir='ltr'>Volcanus</span> <span class='ocrx_word' id='word_1_17' title='bbox 463 365 605 404; x_wconf 87' lang='lat' dir='ltr'>Veneri</span> <span class='ocrx_word' id='word_1_18' title='bbox 637 377 752 416; x_wconf 88' lang='lat' dir='ltr'>quam</span> <span class='ocrx_word' id='word_1_19' title='bbox 784 366 919 418; x_wconf 88' lang='lat' dir='ltr'>dedit,</span> <span class='ocrx_word' id='word_1_20' title='bbox 951 367 1014 406; x_wconf 89' lang='lat' dir='ltr'>illa</span> <span class='ocrx_word' id='word_1_21' title='bbox 1046 365 1161 406; x_wconf 88' lang='lat' dir='ltr'>tibi.&#39;</span> 
     </span>
     <span class='ocr_line' id='line_1_5' title="bbox 92 423 1402 478; baseline 0.002 -15"><span class='ocrx_word' id='word_1_22' title='bbox 92 431 159 463; x_wconf 85' lang='lat'>515</span> <span class='ocrx_word' id='word_1_23' title='bbox 180 423 289 463; x_wconf 89' lang='lat' dir='ltr'>Dicta</span> <span class='ocrx_word' id='word_1_24' title='bbox 321 424 439 476; x_wconf 82' lang='lat' dir='ltr'>facit,</span> <span class='ocrx_word' id='word_1_25' title='bbox 471 435 722 476; x_wconf 87' lang='lat' dir='ltr'>gemmasque</span> <span class='ocrx_word' id='word_1_26' title='bbox 749 437 888 463; x_wconf 89' lang='lat' dir='ltr'>novem</span> <span class='ocrx_word' id='word_1_27' title='bbox 916 426 1167 465; x_wconf 86' lang='lat' dir='ltr'>transformat</span> <span class='ocrx_word' id='word_1_28' title='bbox 1198 428 1238 466; x_wconf 92' lang='lat' dir='ltr'>in</span> <span class='ocrx_word' id='word_1_29' title='bbox 1269 428 1402 478; x_wconf 81' lang='lat' dir='ltr'>ignes:</span> 
     </span>
     <span class='ocr_line' id='line_1_6' title="bbox 239 482 1206 534; baseline 0.003 -13"><span class='ocrx_word' id='word_1_30' title='bbox 239 483 366 522; x_wconf 87' lang='lat' dir='ltr'>Aurea</span> <span class='ocrx_word' id='word_1_31' title='bbox 397 495 468 534; x_wconf 90' lang='lat' dir='ltr'>per</span> <span class='ocrx_word' id='word_1_32' title='bbox 501 482 632 522; x_wconf 88' lang='lat' dir='ltr'>stellas</span> <span class='ocrx_word' id='word_1_33' title='bbox 664 495 768 522; x_wconf 91' lang='lat' dir='ltr'>nunc</span> <span class='ocrx_word' id='word_1_34' title='bbox 801 484 918 522; x_wconf 84' lang='lat' dir='ltr'><strong>micat</strong></span> <span class='ocrx_word' id='word_1_35' title='bbox 949 484 1013 523; x_wconf 86' lang='lat' dir='ltr'>illa</span> <span class='ocrx_word' id='word_1_36' title='bbox 1045 497 1206 525; x_wconf 82' lang='lat' dir='ltr'>novem.</span> 
     </span>
    </p>
   </div>
   <div class='ocr_carea' id='block_1_3' title="bbox 288 572 1178 683">
    <p class='ocr_par' dir='ltr' id='par_1_3' title="bbox 288 572 1178 683">
     <span class='ocr_line' id='line_1_7' title="bbox 316 572 1152 617; baseline 0.004 -3"><span class='ocrx_word' id='word_1_37' title='bbox 316 574 353 615; x_wconf 87' lang='grc'>8.</span> <span class='ocrx_word' id='word_1_38' title='bbox 387 572 461 615; x_wconf 79' lang='lat' dir='ltr'>OF</span> <span class='ocrx_word' id='word_1_39' title='bbox 522 574 560 615; x_wconf 81' lang='lat'>9.</span> <span class='ocrx_word' id='word_1_40' title='bbox 593 573 674 615; x_wconf 79' lang='lat' dir='ltr'>DC</span> <span class='ocrx_word' id='word_1_41' title='bbox 739 575 804 616; x_wconf 87' lang='grc'>10.</span> <span class='ocrx_word' id='word_1_42' title='bbox 836 573 915 616; x_wconf 80' lang='lat' dir='ltr'>EC</span> <span class='ocrx_word' id='word_1_43' title='bbox 983 577 1046 617; x_wconf 90' lang='lat'>11.</span> <span class='ocrx_word' id='word_1_44' title='bbox 1078 574 1152 617; x_wconf 88' lang='lat' dir='ltr'>FC</span> 
     </span>
     <span class='ocr_line' id='line_1_8' title="bbox 288 630 1178 683; baseline 0.002 -9"><span class='ocrx_word' id='word_1_45' title='bbox 288 632 353 674; x_wconf 77' lang='lat'>12.</span> <span class='ocrx_word' id='word_1_46' title='bbox 387 630 466 673; x_wconf 81' lang='lat' dir='ltr'>GC</span> <span class='ocrx_word' id='word_1_47' title='bbox 532 633 595 673; x_wconf 83' lang='lat'>13.</span> <span class='ocrx_word' id='word_1_48' title='bbox 629 632 778 674; x_wconf 87' lang='lat' dir='ltr'>HEN</span> <span class='ocrx_word' id='word_1_49' title='bbox 843 635 908 675; x_wconf 84' lang='lat'>14.</span> <span class='ocrx_word' id='word_1_50' title='bbox 941 633 980 674; x_wconf 88' lang='lat' dir='ltr'>A</span> <span class='ocrx_word' id='word_1_51' title='bbox 1006 633 1178 683; x_wconf 74' lang='lat' dir='ltr'><strong>EQ-N2</strong></span> 
     </span>
    </p>
   </div>
   <div class='ocr_carea' id='block_1_4' title="bbox 91 714 1254 1061">
    <p class='ocr_par' dir='ltr' id='par_1_4' title="bbox 91 714 1254 1061">
     <span class='ocr_line' id='line_1_9' title="bbox 181 714 1254 772; baseline 0.004 -18"><span class='ocrx_word' id='word_1_52' title='bbox 181 714 256 754; x_wconf 85' lang='lat' dir='ltr'>Sex</span> <span class='ocrx_word' id='word_1_53' title='bbox 288 715 356 754; x_wconf 91' lang='lat' dir='ltr'>ubi</span> <span class='ocrx_word' id='word_1_54' title='bbox 388 716 623 768; x_wconf 81' lang='lat' dir='ltr'>sustulerit,</span> <span class='ocrx_word' id='word_1_55' title='bbox 656 717 817 756; x_wconf 88' lang='lat' dir='ltr'>totidem</span> <span class='ocrx_word' id='word_1_56' title='bbox 851 717 1083 757; x_wconf 80' lang='lat' dir='ltr'>demerserit</span> <span class='ocrx_word' id='word_1_57' title='bbox 1115 719 1254 772; x_wconf 84' lang='lat' dir='ltr'>orbes,</span> 
     </span>
     <span class='ocr_line' id='line_1_10' title="bbox 238 774 1151 829; baseline 0.002 -16"><span class='ocrx_word' id='word_1_58' title='bbox 238 774 489 826; x_wconf 87' lang='lat' dir='ltr'>Purpureum</span> <span class='ocrx_word' id='word_1_59' title='bbox 521 775 656 827; x_wconf 85' lang='lat' dir='ltr'>rapido</span> <span class='ocrx_word' id='word_1_60' title='bbox 690 777 757 826; x_wconf 89' lang='lat' dir='ltr'>qui</span> <span class='ocrx_word' id='word_1_61' title='bbox 789 776 893 814; x_wconf 91' lang='lat' dir='ltr'>vehit</span> <span class='ocrx_word' id='word_1_62' title='bbox 925 788 992 815; x_wconf 84' lang='lat' dir='ltr'>axe</span> <span class='ocrx_word' id='word_1_63' title='bbox 1026 777 1151 829; x_wconf 83' lang='lat' dir='ltr'>diem,</span> 
     </span>
     <span class='ocr_line' id='line_1_11' title="bbox 180 832 1184 888; baseline 0.003 -17"><span class='ocrx_word' id='word_1_64' title='bbox 180 832 311 872; x_wconf 87' lang='lat' dir='ltr'>Altera</span> <span class='ocrx_word' id='word_1_65' title='bbox 343 835 541 883; x_wconf 82' lang='lat' dir='ltr'>gramineo</span> <span class='ocrx_word' id='word_1_66' title='bbox 575 834 770 884; x_wconf 77' lang='lat' dir='ltr'>spectabis</span> <span class='ocrx_word' id='word_1_67' title='bbox 803 834 985 885; x_wconf 82' lang='lat' dir='ltr'>Equirria</span> <span class='ocrx_word' id='word_1_68' title='bbox 1018 834 1184 888; x_wconf 83' lang='lat' dir='ltr'>Campo,</span> 
     </span>
     <span class='ocr_line' id='line_1_12' title="bbox 91 891 1232 945; baseline 0.003 -15"><span class='ocrx_word' id='word_1_69' title='bbox 91 898 158 931; x_wconf 81' lang='lat'>520</span> <span class='ocrx_word' id='word_1_70' title='bbox 241 891 365 936; x_wconf 87' lang='lat' dir='ltr'>Quem</span> <span class='ocrx_word' id='word_1_71' title='bbox 398 891 552 930; x_wconf 88' lang='lat' dir='ltr'>Tiberis</span> <span class='ocrx_word' id='word_1_72' title='bbox 584 894 715 930; x_wconf 85' lang='lat' dir='ltr'>curvis</span> <span class='ocrx_word' id='word_1_73' title='bbox 747 894 787 931; x_wconf 92' lang='lat' dir='ltr'>in</span> <span class='ocrx_word' id='word_1_74' title='bbox 820 892 919 931; x_wconf 84' lang='lat' dir='ltr'>latus</span> <span class='ocrx_word' id='word_1_75' title='bbox 953 899 1066 944; x_wconf 83' lang='lat' dir='ltr'>urget</span> <span class='ocrx_word' id='word_1_76' title='bbox 1098 896 1232 945; x_wconf 89' lang='lat' dir='ltr'>aquis.</span> 
     </span>
     <span class='ocr_line' id='line_1_13' title="bbox 178 948 1160 1005; baseline 0.003 -17"><span class='ocrx_word' id='word_1_77' title='bbox 178 948 254 995; x_wconf 87' lang='lat' dir='ltr'>Qui</span> <span class='ocrx_word' id='word_1_78' title='bbox 286 955 415 988; x_wconf 88' lang='lat' dir='ltr'>tamen</span> <span class='ocrx_word' id='word_1_79' title='bbox 449 952 571 989; x_wconf 85' lang='lat' dir='ltr'>eiecta</span> <span class='ocrx_word' id='word_1_80' title='bbox 603 951 636 989; x_wconf 91' lang='lat' dir='ltr'>si</span> <span class='ocrx_word' id='word_1_81' title='bbox 668 951 768 989; x_wconf 83' lang='lat' dir='ltr'>sorte</span> <span class='ocrx_word' id='word_1_82' title='bbox 802 950 1002 990; x_wconf 80' lang='lat' dir='ltr'>tenebitur</span> <span class='ocrx_word' id='word_1_83' title='bbox 1034 952 1160 1005; x_wconf 75' lang='lat' dir='ltr'>unda,</span> 
     </span>
     <span class='ocr_line' id='line_1_14' title="bbox 239 1007 1093 1061; baseline 0.004 -15"><span class='ocrx_word' id='word_1_84' title='bbox 239 1007 390 1047; x_wconf 86' lang='lat' dir='ltr'>Caelius</span> <span class='ocrx_word' id='word_1_85' title='bbox 423 1009 588 1061; x_wconf 85' lang='lat' dir='ltr'>accipiat</span> <span class='ocrx_word' id='word_1_86' title='bbox 619 1009 915 1060; x_wconf 84' lang='lat' dir='ltr'>pulverulentus</span> <span class='ocrx_word' id='word_1_87' title='bbox 949 1022 1093 1061; x_wconf 88' lang='lat' dir='ltr'>equos.</span> 
     </span>
    </p>
   </div>
   <div class='ocr_carea' id='block_1_5' title="bbox 553 1099 917 1142">
    <p class='ocr_par' dir='ltr' id='par_1_5' title="bbox 553 1099 917 1142">
     <span class='ocr_line' id='line_1_15' title="bbox 553 1099 917 1142; baseline 0.003 -1"><span class='ocrx_word' id='word_1_88' title='bbox 553 1101 617 1142; x_wconf 80' lang='lat'>15.</span> <span class='ocrx_word' id='word_1_89' title='bbox 650 1099 686 1141; x_wconf 91' lang='lat' dir='ltr'>B</span> <span class='ocrx_word' id='word_1_90' title='bbox 712 1100 917 1142; x_wconf 80' lang='lat' dir='ltr'><strong>EID·N³</strong></span> 
     </span>
    </p>
   </div>
   <div class='ocr_carea' id='block_1_6' title="bbox 90 1183 1341 2349">
    <p class='ocr_par' dir='ltr' id='par_1_6' title="bbox 90 1183 1341 2349">
     <span class='ocr_line' id='line_1_16' title="bbox 181 1183 1188 1234; baseline 0.003 -12"><span class='ocrx_word' id='word_1_91' title='bbox 181 1183 313 1223; x_wconf 89' lang='lat' dir='ltr'>Idibus</span> <span class='ocrx_word' id='word_1_92' title='bbox 346 1189 405 1223; x_wconf 87' lang='lat' dir='ltr'>est</span> <span class='ocrx_word' id='word_1_93' title='bbox 437 1184 569 1223; x_wconf 89' lang='lat' dir='ltr'>Annae</span> <span class='ocrx_word' id='word_1_94' title='bbox 603 1185 745 1223; x_wconf 84' lang='lat' dir='ltr'>festum</span> <span class='ocrx_word' id='word_1_95' title='bbox 779 1185 927 1234; x_wconf 82' lang='lat' dir='ltr'>geniale</span> <span class='ocrx_word' id='word_1_96' title='bbox 960 1186 1188 1225; x_wconf 83' lang='lat' dir='ltr'>Perennae.</span> 
     </span>
     <span class='ocr_line' id='line_1_17' title="bbox 239 1242 1230 1297; baseline 0.003 -17"><span class='ocrx_word' id='word_1_97' title='bbox 239 1242 351 1282; x_wconf 86' lang='lat' dir='ltr'>Haud</span> <span class='ocrx_word' id='word_1_98' title='bbox 384 1243 522 1293; x_wconf 91' lang='lat' dir='ltr'>procul</span> <span class='ocrx_word' id='word_1_99' title='bbox 555 1256 574 1282; x_wconf 86' lang='lat' dir='ltr'>a</span> <span class='ocrx_word' id='word_1_100' title='bbox 607 1245 731 1295; x_wconf 83' lang='lat' dir='ltr'>ripis,</span> <span class='ocrx_word' id='word_1_101' title='bbox 766 1243 911 1282; x_wconf 88' lang='lat' dir='ltr'>advena</span> <span class='ocrx_word' id='word_1_102' title='bbox 943 1243 1120 1297; x_wconf 81' lang='lat' dir='ltr'>Thybri,</span> <span class='ocrx_word' id='word_1_103' title='bbox 1152 1246 1230 1284; x_wconf 89' lang='lat' dir='ltr'>tuis</span> 
     </span>
     <span class='ocr_line' id='line_1_18' title="bbox 92 1300 1330 1354; baseline 0.002 -14"><span class='ocrx_word' id='word_1_104' title='bbox 92 1309 158 1340; x_wconf 78' lang='lat'>525</span> <span class='ocrx_word' id='word_1_105' title='bbox 180 1300 295 1340; x_wconf 87' lang='lat' dir='ltr'>Plebs</span> <span class='ocrx_word' id='word_1_106' title='bbox 326 1303 432 1340; x_wconf 86' lang='lat' dir='ltr'>venit</span> <span class='ocrx_word' id='word_1_107' title='bbox 465 1313 508 1340; x_wconf 86' lang='lat' dir='ltr'>ac</span> <span class='ocrx_word' id='word_1_108' title='bbox 541 1301 684 1340; x_wconf 80' lang='lat' dir='ltr'>virides</span> <span class='ocrx_word' id='word_1_109' title='bbox 716 1303 860 1352; x_wconf 86' lang='lat' dir='ltr'>passim</span> <span class='ocrx_word' id='word_1_110' title='bbox 894 1302 1055 1341; x_wconf 89' lang='lat' dir='ltr'>disiecta</span> <span class='ocrx_word' id='word_1_111' title='bbox 1086 1315 1157 1354; x_wconf 91' lang='lat' dir='ltr'>per</span> <span class='ocrx_word' id='word_1_112' title='bbox 1188 1303 1330 1343; x_wconf 84' lang='lat' dir='ltr'>herbas</span> 
     </span>
     <span class='ocr_line' id='line_1_19' title="bbox 237 1359 1253 1412; baseline 0.002 -14"><span class='ocrx_word' id='word_1_113' title='bbox 237 1359 351 1398; x_wconf 87' lang='lat' dir='ltr'>Potat</span> <span class='ocrx_word' id='word_1_114' title='bbox 371 1391 382 1412; x_wconf 83' lang='lat'><em>‚</em></span> <span class='ocrx_word' id='word_1_115' title='bbox 416 1366 455 1399; x_wconf 91' lang='lat' dir='ltr'>et</span> <span class='ocrx_word' id='word_1_116' title='bbox 487 1360 681 1399; x_wconf 88' lang='lat' dir='ltr'>accumbit</span> <span class='ocrx_word' id='word_1_117' title='bbox 714 1373 802 1398; x_wconf 89' lang='lat' dir='ltr'>cum</span> <span class='ocrx_word' id='word_1_118' title='bbox 835 1373 927 1412; x_wconf 90' lang='lat' dir='ltr'>pare</span> <span class='ocrx_word' id='word_1_119' title='bbox 962 1363 1128 1412; x_wconf 87' lang='lat' dir='ltr'>quisque</span> <span class='ocrx_word' id='word_1_120' title='bbox 1162 1374 1253 1400; x_wconf 88' lang='lat' dir='ltr'>sua.</span> 
     </span>
     <span class='ocr_line' id='line_1_20' title="bbox 182 1417 1233 1472; baseline 0.003 -16"><span class='ocrx_word' id='word_1_121' title='bbox 182 1417 262 1456; x_wconf 90' lang='lat' dir='ltr'>Sub</span> <span class='ocrx_word' id='word_1_122' title='bbox 294 1418 383 1457; x_wconf 87' lang='lat' dir='ltr'>Iove</span> <span class='ocrx_word' id='word_1_123' title='bbox 415 1431 507 1469; x_wconf 87' lang='lat' dir='ltr'>pars</span> <span class='ocrx_word' id='word_1_124' title='bbox 539 1419 681 1471; x_wconf 87' lang='lat' dir='ltr'>durat,</span> <span class='ocrx_word' id='word_1_125' title='bbox 714 1421 829 1469; x_wconf 88' lang='lat' dir='ltr'>pauci</span> <span class='ocrx_word' id='word_1_126' title='bbox 861 1421 1027 1458; x_wconf 84' lang='lat' dir='ltr'>tentoria</span> <span class='ocrx_word' id='word_1_127' title='bbox 1059 1427 1233 1472; x_wconf 88' lang='lat' dir='ltr'>ponunt,</span> 
     </span>
     <span class='ocr_line' id='line_1_21' title="bbox 192 1476 1282 1531; baseline 0.003 -16"><span class='ocrx_word' id='word_1_128' title='bbox 192 1479 196 1482; x_wconf 88' lang='grc'><strong>’</strong></span> <span class='ocrx_word' id='word_1_129' title='bbox 240 1476 340 1516; x_wconf 88' lang='lat' dir='ltr'>Sunt</span> <span class='ocrx_word' id='word_1_130' title='bbox 373 1477 516 1528; x_wconf 86' lang='lat' dir='ltr'>quihus</span> <span class='ocrx_word' id='word_1_131' title='bbox 549 1490 569 1516; x_wconf 90' lang='lat' dir='ltr'>e</span> <span class='ocrx_word' id='word_1_132' title='bbox 602 1479 720 1516; x_wconf 89' lang='lat' dir='ltr'>ramis</span> <span class='ocrx_word' id='word_1_133' title='bbox 753 1478 913 1516; x_wconf 88' lang='lat' dir='ltr'>frondea</span> <span class='ocrx_word' id='word_1_134' title='bbox 946 1479 1045 1517; x_wconf 88' lang='lat' dir='ltr'>sacta</span> <span class='ocrx_word' id='word_1_135' title='bbox 1078 1491 1164 1518; x_wconf 84' lang='lat' dir='ltr'>casa</span> <span class='ocrx_word' id='word_1_136' title='bbox 1197 1485 1282 1531; x_wconf 83' lang='lat' dir='ltr'>est3</span> 
     </span>
     <span class='ocr_line' id='line_1_22' title="bbox 179 1534 1329 1590; baseline 0.003 -17"><span class='ocrx_word' id='word_1_137' title='bbox 179 1534 305 1587; x_wconf 83' lang='lat' dir='ltr'>Pars,</span> <span class='ocrx_word' id='word_1_138' title='bbox 337 1535 404 1574; x_wconf 89' lang='lat' dir='ltr'>ubi</span> <span class='ocrx_word' id='word_1_139' title='bbox 436 1548 508 1587; x_wconf 89' lang='lat' dir='ltr'>pro</span> <span class='ocrx_word' id='word_1_140' title='bbox 541 1536 677 1587; x_wconf 84' lang='lat' dir='ltr'>rigidis</span> <span class='ocrx_word' id='word_1_141' title='bbox 710 1536 876 1575; x_wconf 84' lang='lat' dir='ltr'>calamos</span> <span class='ocrx_word' id='word_1_142' title='bbox 909 1543 1081 1576; x_wconf 83' lang='lat' dir='ltr'>statuere</span> <span class='ocrx_word' id='word_1_143' title='bbox 1114 1537 1329 1590; x_wconf 85' lang='lat' dir='ltr'>columnis,</span> 
     </span>
     <span class='ocr_line' id='line_1_23' title="bbox 91 1594 1048 1647; baseline 0.003 -15"><span class='ocrx_word' id='word_1_144' title='bbox 91 1601 158 1632; x_wconf 85' lang='lat'>530</span> <span class='ocrx_word' id='word_1_145' title='bbox 238 1594 420 1645; x_wconf 85' lang='lat' dir='ltr'>Desuper</span> <span class='ocrx_word' id='word_1_146' title='bbox 452 1601 629 1633; x_wconf 86' lang='lat' dir='ltr'>extentas</span> <span class='ocrx_word' id='word_1_147' title='bbox 662 1596 884 1646; x_wconf 88' lang='lat' dir='ltr'>imposuere</span> <span class='ocrx_word' id='word_1_148' title='bbox 917 1601 1048 1647; x_wconf 84' lang='lat' dir='ltr'>togas.</span> 
     </span>
     <span class='ocr_line' id='line_1_24' title="bbox 182 1651 1320 1707; baseline 0.004 -17"><span class='ocrx_word' id='word_1_149' title='bbox 182 1651 269 1692; x_wconf 85' lang='lat' dir='ltr'>Sole</span> <span class='ocrx_word' id='word_1_150' title='bbox 303 1659 431 1691; x_wconf 89' lang='lat' dir='ltr'>tamen</span> <span class='ocrx_word' id='word_1_151' title='bbox 465 1655 631 1705; x_wconf 88' lang='lat' dir='ltr'>vinoque</span> <span class='ocrx_word' id='word_1_152' title='bbox 665 1654 820 1706; x_wconf 88' lang='lat' dir='ltr'>calent,</span> <span class='ocrx_word' id='word_1_153' title='bbox 854 1666 1055 1706; x_wconf 90' lang='lat' dir='ltr'>annosque</span> <span class='ocrx_word' id='word_1_154' title='bbox 1086 1661 1320 1707; x_wconf 82' lang='lat' dir='ltr'>precantur,</span> 
     </span>
     <span class='ocr_line' id='line_1_25' title="bbox 240 1710 1341 1765; baseline 0.005 -16"><span class='ocrx_word' id='word_1_155' title='bbox 240 1710 343 1757; x_wconf 91' lang='lat' dir='ltr'>Quot</span> <span class='ocrx_word' id='word_1_156' title='bbox 374 1719 529 1751; x_wconf 89' lang='lat' dir='ltr'>sumant</span> <span class='ocrx_word' id='word_1_157' title='bbox 562 1712 749 1765; x_wconf 72' lang='lat' dir='ltr'>cyathos,</span> <span class='ocrx_word' id='word_1_158' title='bbox 782 1713 827 1751; x_wconf 87' lang='lat' dir='ltr'>ad</span> <span class='ocrx_word' id='word_1_159' title='bbox 861 1725 1148 1765; x_wconf 88' lang='lat' dir='ltr'>numerumque</span> <span class='ocrx_word' id='word_1_160' title='bbox 1181 1714 1341 1754; x_wconf 88' lang='lat' dir='ltr'>bibunt.</span> 
     </span>
     <span class='ocr_line' id='line_1_26' title="bbox 180 1768 1145 1825; baseline 0.004 -18"><span class='ocrx_word' id='word_1_161' title='bbox 180 1768 359 1808; x_wconf 87' lang='lat' dir='ltr'>Invenies</span> <span class='ocrx_word' id='word_1_162' title='bbox 390 1770 469 1809; x_wconf 90' lang='lat' dir='ltr'>illic</span> <span class='ocrx_word' id='word_1_163' title='bbox 488 1803 499 1823; x_wconf 83' lang='lat'><em>‚</em></span> <span class='ocrx_word' id='word_1_164' title='bbox 532 1773 597 1822; x_wconf 88' lang='lat' dir='ltr'>qui</span> <span class='ocrx_word' id='word_1_165' title='bbox 630 1771 806 1810; x_wconf 89' lang='lat' dir='ltr'>Nestoris</span> <span class='ocrx_word' id='word_1_166' title='bbox 838 1771 968 1811; x_wconf 88' lang='lat' dir='ltr'>ebibat</span> <span class='ocrx_word' id='word_1_167' title='bbox 1000 1784 1145 1825; x_wconf 81' lang='lat' dir='ltr'>annos,</span> 
     </span>
     <span class='ocr_line' id='line_1_27' title="bbox 238 1827 1156 1882; baseline 0.003 -15"><span class='ocrx_word' id='word_1_168' title='bbox 238 1827 344 1874; x_wconf 86' lang='lat' dir='ltr'>Quae</span> <span class='ocrx_word' id='word_1_169' title='bbox 377 1830 428 1868; x_wconf 88' lang='lat' dir='ltr'>sit</span> <span class='ocrx_word' id='word_1_170' title='bbox 458 1842 529 1880; x_wconf 89' lang='lat' dir='ltr'>per</span> <span class='ocrx_word' id='word_1_171' title='bbox 561 1829 701 1869; x_wconf 86' lang='lat' dir='ltr'>calices</span> <span class='ocrx_word' id='word_1_172' title='bbox 734 1830 834 1869; x_wconf 87' lang='lat' dir='ltr'>facta</span> <span class='ocrx_word' id='word_1_173' title='bbox 868 1830 1008 1882; x_wconf 69' lang='lat' dir='ltr'>Sibylla</span> <span class='ocrx_word' id='word_1_174' title='bbox 1042 1843 1156 1871; x_wconf 83' lang='lat' dir='ltr'>suos,</span> 
     </span>
     <span class='ocr_line' id='line_1_28' title="bbox 90 1886 1166 1943; baseline 0.004 -19"><span class='ocrx_word' id='word_1_175' title='bbox 90 1893 157 1925; x_wconf 86' lang='lat'>535</span> <span class='ocrx_word' id='word_1_176' title='bbox 178 1886 259 1925; x_wconf 90' lang='lat' dir='ltr'>Illic</span> <span class='ocrx_word' id='word_1_177' title='bbox 293 1893 331 1926; x_wconf 93' lang='lat' dir='ltr'>et</span> <span class='ocrx_word' id='word_1_178' title='bbox 363 1893 520 1927; x_wconf 84' lang='lat' dir='ltr'>cantant</span> <span class='ocrx_word' id='word_1_179' title='bbox 554 1888 743 1939; x_wconf 89' lang='lat' dir='ltr'>quidquid</span> <span class='ocrx_word' id='word_1_180' title='bbox 776 1889 946 1928; x_wconf 88' lang='lat' dir='ltr'>didicere</span> <span class='ocrx_word' id='word_1_181' title='bbox 979 1889 1166 1943; x_wconf 80' lang='lat' dir='ltr'>theatris,</span> 
     </span>
     <span class='ocr_line' id='line_1_29' title="bbox 238 1944 1147 2000; baseline 0.004 -18"><span class='ocrx_word' id='word_1_182' title='bbox 238 1944 288 1983; x_wconf 91' lang='lat' dir='ltr'>Et</span> <span class='ocrx_word' id='word_1_183' title='bbox 317 1946 461 1984; x_wconf 84' lang='lat' dir='ltr'>iactant</span> <span class='ocrx_word' id='word_1_184' title='bbox 493 1947 625 1986; x_wconf 87' lang='lat' dir='ltr'>faciles</span> <span class='ocrx_word' id='word_1_185' title='bbox 657 1948 703 1986; x_wconf 87' lang='lat' dir='ltr'>ad</span> <span class='ocrx_word' id='word_1_186' title='bbox 737 1960 805 1986; x_wconf 91' lang='lat' dir='ltr'>sua</span> <span class='ocrx_word' id='word_1_187' title='bbox 837 1948 954 1986; x_wconf 87' lang='lat' dir='ltr'>verba</span> <span class='ocrx_word' id='word_1_188' title='bbox 987 1960 1147 2000; x_wconf 86' lang='lat' dir='ltr'>manus;</span> 
     </span>
     <span class='ocr_line' id='line_1_30' title="bbox 178 2001 1119 2058; baseline 0.005 -18"><span class='ocrx_word' id='word_1_189' title='bbox 178 2001 226 2041; x_wconf 88' lang='lat' dir='ltr'>Et</span> <span class='ocrx_word' id='word_1_190' title='bbox 259 2003 408 2042; x_wconf 90' lang='lat' dir='ltr'>ducunt</span> <span class='ocrx_word' id='word_1_191' title='bbox 440 2006 566 2055; x_wconf 88' lang='lat' dir='ltr'>posito</span> <span class='ocrx_word' id='word_1_192' title='bbox 599 2005 716 2043; x_wconf 85' lang='lat' dir='ltr'>duras</span> <span class='ocrx_word' id='word_1_193' title='bbox 749 2011 901 2044; x_wconf 88' lang='lat' dir='ltr'>cratere</span> <span class='ocrx_word' id='word_1_194' title='bbox 934 2006 1119 2058; x_wconf 81' lang='lat' dir='ltr'>choreas,</span> 
     </span>
     <span class='ocr_line' id='line_1_31' title="bbox 237 2061 1086 2112; baseline 0.005 -13"><span class='ocrx_word' id='word_1_195' title='bbox 237 2061 426 2112; x_wconf 88' lang='lat' dir='ltr'>Cultaque</span> <span class='ocrx_word' id='word_1_196' title='bbox 460 2063 610 2102; x_wconf 79' lang='lat' dir='ltr'>diffusis</span> <span class='ocrx_word' id='word_1_197' title='bbox 644 2063 756 2102; x_wconf 84' lang='lat' dir='ltr'>saltat</span> <span class='ocrx_word' id='word_1_198' title='bbox 788 2066 910 2103; x_wconf 87' lang='lat' dir='ltr'>amica</span> <span class='ocrx_word' id='word_1_199' title='bbox 943 2066 1086 2103; x_wconf 89' lang='lat' dir='ltr'>comis.</span> 
     </span>
     <span class='ocr_line' id='line_1_32' title="bbox 178 2116 1302 2176; baseline 0.004 -18"><span class='ocrx_word' id='word_1_200' title='bbox 178 2116 275 2158; x_wconf 87' lang='lat' dir='ltr'>Cum</span> <span class='ocrx_word' id='word_1_201' title='bbox 307 2120 497 2173; x_wconf 87' lang='lat' dir='ltr'>redeunt,</span> <span class='ocrx_word' id='word_1_202' title='bbox 530 2121 699 2161; x_wconf 87' lang='lat' dir='ltr'>titubant</span> <span class='ocrx_word' id='word_1_203' title='bbox 731 2128 770 2161; x_wconf 92' lang='lat' dir='ltr'>et</span> <span class='ocrx_word' id='word_1_204' title='bbox 802 2129 893 2162; x_wconf 87' lang='lat' dir='ltr'>sunt</span> <span class='ocrx_word' id='word_1_205' title='bbox 925 2122 1146 2174; x_wconf 88' lang='lat' dir='ltr'>spectacula</span> <span class='ocrx_word' id='word_1_206' title='bbox 1178 2123 1302 2176; x_wconf 87' lang='lat' dir='ltr'>volgi,</span> 
     </span>
     <span class='ocr_line' id='line_1_33' title="bbox 90 2177 990 2221; baseline 0.006 -5"><span class='ocrx_word' id='word_1_207' title='bbox 90 2184 156 2217; x_wconf 87' lang='grc'>540</span> <span class='ocrx_word' id='word_1_208' title='bbox 235 2177 284 2217; x_wconf 94' lang='lat' dir='ltr'>Et</span> <span class='ocrx_word' id='word_1_209' title='bbox 316 2179 533 2218; x_wconf 81' lang='lat' dir='ltr'>fortunatos</span> <span class='ocrx_word' id='word_1_210' title='bbox 566 2180 677 2219; x_wconf 90' lang='lat' dir='ltr'>obvia</span> <span class='ocrx_word' id='word_1_211' title='bbox 710 2180 823 2220; x_wconf 87' lang='lat' dir='ltr'>turba</span> <span class='ocrx_word' id='word_1_212' title='bbox 855 2189 990 2221; x_wconf 85' lang='lat' dir='ltr'>vocat.</span> 
     </span>
     <span class='ocr_line' id='line_1_34' title="bbox 177 2235 1166 2292; baseline 0.005 -17"><span class='ocrx_word' id='word_1_213' title='bbox 177 2235 342 2276; x_wconf 87' lang='lat' dir='ltr'>Occurri</span> <span class='ocrx_word' id='word_1_214' title='bbox 374 2250 523 2290; x_wconf 88' lang='lat' dir='ltr'>nuper:</span> <span class='ocrx_word' id='word_1_215' title='bbox 565 2241 644 2278; x_wconf 83' lang='lat' dir='ltr'>visa</span> <span class='ocrx_word' id='word_1_216' title='bbox 677 2246 737 2278; x_wconf 88' lang='lat' dir='ltr'>est</span> <span class='ocrx_word' id='word_1_217' title='bbox 768 2240 863 2278; x_wconf 89' lang='lat' dir='ltr'>mihi</span> <span class='ocrx_word' id='word_1_218' title='bbox 895 2240 1010 2292; x_wconf 87' lang='lat' dir='ltr'>digna</span> <span class='ocrx_word' id='word_1_219' title='bbox 1042 2240 1166 2280; x_wconf 87' lang='lat' dir='ltr'>relatu</span> 
     </span>
     <span class='ocr_line' id='line_1_35' title="bbox 237 2295 1242 2349; baseline 0.006 -16"><span class='ocrx_word' id='word_1_220' title='bbox 237 2295 410 2347; x_wconf 89' lang='lat' dir='ltr'>Pompa:</span> <span class='ocrx_word' id='word_1_221' title='bbox 456 2309 589 2336; x_wconf 89' lang='lat' dir='ltr'>senem</span> <span class='ocrx_word' id='word_1_222' title='bbox 621 2304 756 2349; x_wconf 89' lang='lat' dir='ltr'>potum</span> <span class='ocrx_word' id='word_1_223' title='bbox 789 2305 880 2349; x_wconf 89' lang='lat' dir='ltr'>pota</span> <span class='ocrx_word' id='word_1_224' title='bbox 912 2299 1090 2338; x_wconf 87' lang='lat' dir='ltr'>trahebat</span> <span class='ocrx_word' id='word_1_225' title='bbox 1122 2312 1242 2339; x_wconf 88' lang='lat' dir='ltr'>anus.</span> 
     </span>
    </p>
   </div>
   <div class='ocr_carea' id='block_1_7' title="bbox 130 2353 1391 2459">
    <p class='ocr_par' dir='ltr' id='par_1_7' title="bbox 130 2353 1391 2459">
     <span class='ocr_line' id='line_1_36' title="bbox 177 2353 1391 2412; baseline 0.005 -19"><span class='ocrx_word' id='word_1_226' title='bbox 177 2353 283 2400; x_wconf 87' lang='lat' dir='ltr'>Quae</span> <span class='ocrx_word' id='word_1_227' title='bbox 316 2361 444 2394; x_wconf 87' lang='lat' dir='ltr'>tamen</span> <span class='ocrx_word' id='word_1_228' title='bbox 470 2356 564 2395; x_wconf 88' lang='lat' dir='ltr'>haec</span> <span class='ocrx_word' id='word_1_229' title='bbox 591 2356 662 2395; x_wconf 86' lang='lat' dir='ltr'>dea</span> <span class='ocrx_word' id='word_1_230' title='bbox 694 2359 769 2410; x_wconf 85' lang='lat' dir='ltr'>sit,</span> <span class='ocrx_word' id='word_1_231' title='bbox 797 2359 980 2408; x_wconf 86' lang='lat' dir='ltr'>quoniam</span> <span class='ocrx_word' id='word_1_232' title='bbox 1013 2359 1237 2398; x_wconf 88' lang='lat' dir='ltr'>rumoribus</span> <span class='ocrx_word' id='word_1_233' title='bbox 1270 2365 1391 2412; x_wconf 78' lang='lat' dir='ltr'>errat,</span> 
     </span>
     <span class='ocr_line' id='line_1_37' title="bbox 130 2425 1180 2459; baseline 0.008 -8"><span class='ocrx_word' id='word_1_234' title='bbox 130 2425 237 2452; x_wconf 80' lang='lat' dir='ltr'>ovm.</span> <span class='ocrx_word' id='word_1_235' title='bbox 275 2427 331 2452; x_wconf 84' lang='lat'>111.</span> <span class='ocrx_word' id='word_1_236' title='bbox 1138 2428 1180 2459; x_wconf 89' lang='lat'>18</span> 
     </span>
    </p>
   </div>
  </div>
 </body>
</html>
