1570 2527
124 107 226 142 XXX

243 216 336 265 Pag.
371 224 557 254 CLXXXV
583 214 776 253 distichon
795 215 831 251 V
854 216 936 254 633
960 216 1043 254 634
1075 215 1236 254 ridicule
1268 215 1461 255 insertum

127 277 190 312 est
215 274 256 311 in
280 274 409 312 media
428 274 474 311 de
500 275 618 321 ponte
646 273 808 311 sublicio
836 274 990 312 Tiberis
1016 274 1252 322 narratione,
1283 274 1387 323 quod
1411 274 1460 312 de

130 333 316 381 pontibus
349 334 577 380 saeptorum
607 331 648 369 in
668 331 814 381 Campo
846 332 940 381 agit,
974 344 994 369 e
1025 332 1142 370 Festo
1168 341 1232 370 XV
1259 333 1295 379 3,
1327 334 1373 370 ut
1402 332 1459 371 vi-

128 391 258 439 detur,
303 402 541 439 expressum.
614 390 809 428 inserendi
853 393 985 428 autem
1027 401 1146 428 causa
1185 402 1284 440 quae
1326 390 1461 440 fuerit,

125 448 236 486 nulla
265 448 512 497 intellegitur
547 450 824 497 praeterquam
854 449 1011 487 lacuna:
1049 448 1222 497 positum
1252 451 1357 487 certe
1389 448 1459 487 ali·

127 507 241 556 quod,
274 507 377 555 quod
408 505 604 544 vetustius
636 506 752 554 Urbe,
785 507 871 544 fuit.

243 564 337 614 Pag.
361 572 447 602 CCV
479 563 674 602 distichon
698 565 754 602 VI
782 566 863 603 345
893 565 975 602 346
1002 563 1239 603 damnarunt
1263 564 1460 614 Heinsius,

126 624 170 660 ut
214 626 310 671 puto
356 623 476 660 etiam
519 622 740 672 Bentleius;
783 623 967 671 maxime,
1012 622 1196 672 expositis
1239 623 1460 661 rationibus

127 680 385 728 Schraderus,
425 681 492 730 qui
524 693 570 718 ex
600 681 620 718 I
659 683 759 729 391,
798 683 900 729 439,
937 693 1095 719 versum
1127 682 1210 719 346
1244 693 1291 719 ex
1323 681 1343 718 Ι
1373 682 1459 720 450

128 738 349 777 confectum
385 738 645 788 intelligebat.
718 739 787 777 alii
817 739 921 777 tueri
957 739 1101 786 conati,
1141 751 1307 788 quorum
1326 740 1458 789 ‘Berg-

129 797 239 834 kium
266 797 405 847 Opusc.
426 811 463 846 p.
486 799 568 835 664
599 797 721 835 miror
744 797 938 847 insignem
963 798 1201 847 pentametri
1227 797 1459 846 barbariem,

126 868 225 904 quae
267 857 382 904 plane
425 854 547 893 Ibidis
593 856 954 904 supplementorum
997 856 1043 893 de
1080 868 1222 905 genere
1260 858 1338 905 est,
1381 868 1460 894 non

126 913 460 953 animadvertisse.
533 925 604 951 nec
653 925 789 951 verum
839 916 915 961 est,
973 914 1075 963 quod
1124 914 1224 951 alius
1272 914 1334 952 vir
1381 913 1457 952 dss.

126 974 275 1019 monet,
315 972 403 1010 tolli
446 973 576 1009 totum
618 971 813 1010 distichon
854 984 932 1010 non
969 983 1101 1021 posse,
1145 975 1214 1010 aut
1251 972 1368 1020 Quem
1409 972 1459 1009 ad

128 1030 315 1078 Priapum
352 1031 522 1067 relatum
553 1030 620 1077 iri,
659 1042 895 1079 quamquam
926 1032 1079 1068 veteres
1110 1042 1273 1080 magnos
1304 1030 1459 1068 criticos

128 1088 175 1125 de
206 1089 347 1126 lacuna
376 1088 543 1137 paginae
575 1088 770 1137 cogitasse
800 1101 879 1126 non
909 1091 1073 1127 constat.

243 1146 337 1195 Pag.
354 1154 514 1184 CCVIIII
535 1146 729 1184 distichon
743 1146 798 1182 VI
813 1148 895 1184 433
920 1147 1016 1194 434,
1037 1146 1140 1196 quod
1158 1146 1319 1184 mirifice
1339 1146 1458 1186 inter-

127 1206 346 1253 pretantur,
378 1206 484 1242 certe
515 1206 584 1241 aut
609 1204 752 1242 vitiosa
777 1206 845 1242 aut
871 1205 1038 1242 molesta
1062 1206 1263 1242 structura
1286 1204 1458 1242 laborat:

126 1263 287 1311 vitiosa,
327 1263 359 1300 si
390 1264 484 1311 sive,
521 1265 598 1301 sive
630 1263 711 1300 sine
750 1263 869 1300 verbo
901 1274 971 1311 pro
1004 1265 1088 1306 aut,
1129 1266 1196 1301 aut
1226 1264 1458 1311 usurpatum

127 1323 197 1367 est,
230 1320 333 1368 quod
363 1323 478 1369 puto,
515 1321 588 1358 hoc
620 1332 746 1367 sensu,
785 1317 867 1358 ‘aut
900 1321 976 1369 ille,
1014 1324 1082 1359 aut
1115 1321 1179 1359 ille
1216 1322 1331 1368 erepti
1361 1322 1460 1368 siym'

128 1379 279 1416 laudem
304 1375 414 1416 tulit’.
487 1378 545 1416 ita
565 1379 750 1416 celebrare
769 1379 951 1417 kalendas
969 1390 1109 1416 munus
1126 1379 1262 1416 habent
1280 1378 1342 1415 III
1364 1380 1459 1427 229,

129 1438 285 1474 emeruit
314 1437 453 1474 habere
484 1437 597 1482 fidem
629 1436 711 1473 IIII
744 1438 816 1484 58,
849 1448 963 1484 posse
993 1437 1108 1475 datur
1137 1438 1292 1475 reddere
1322 1448 1460 1475 causas

129 1494 163 1529 V
196 1496 239 1543 5,
275 1496 438 1542 relegari
468 1505 596 1541 poena
631 1496 767 1541 futura
798 1496 873 1542 fuit
902 1494 1016 1532 Pont.
1047 1494 1067 1532 I
1097 1503 1163 1533 VII
1196 1496 1271 1538 42,
1309 1496 1460 1533 animus

130 1555 228 1591 vires
260 1564 396 1600 corpus
432 1553 568 1590 habere
604 1554 699 1599 facit
728 1553 787 1590 III
818 1561 883 1590 VII
918 1555 981 1590 76.
1054 1554 1089 1591 si
1125 1553 1255 1591 demas
1284 1553 1375 1591 velle
1403 1554 1460 1590 iu-

127 1622 219 1649 vare
256 1619 357 1648 V1111
392 1611 456 1648 24.
529 1613 699 1649 muneris
734 1613 857 1648 instar
896 1610 1132 1649 Germanam
1171 1612 1310 1649 vidisse
1351 1611 1460 1649 dabis

128 1669 219 1706 Met.
252 1668 310 1705 VI
350 1670 446 1706 443.
516 1671 680 1706 noverat
716 1668 756 1705 id
794 1668 945 1706 dicendi
975 1681 1099 1717 genus
1136 1669 1256 1706 etiam
1287 1680 1385 1707 saec.
1411 1677 1459 1706 Vl

127 1729 246 1776 poeta
282 1726 386 1775 apud
418 1726 500 1764 Pol.
533 1726 751 1775 Leyserum
787 1740 822 1775 p.
856 1728 922 1764 82.
995 1726 1198 1764 molestior
1234 1738 1351 1775 quam
1387 1738 1458 1775 pro

129 1784 267 1823 Ovidio
294 1784 450 1833 locutio,
475 1796 546 1823 nec
572 1785 765 1822 sententia
791 1785 887 1822 satis
913 1786 1020 1822 recta
1042 1784 1147 1822 foret
1170 1784 1277 1831 haec,
1303 1785 1459 1822 sublato

128 1845 219 1892 post
249 1845 378 1890 ferunt
407 1843 586 1892 graviore
618 1843 852 1891 interductu,
885 1838 976 1880 ‘sive
1005 1843 1079 1890 ille,
1110 1844 1188 1881 sive
1217 1843 1280 1881 ille
1310 1844 1460 1881 titulum

129 1902 254 1950 habet,
284 1913 345 1939 res
377 1904 430 1939 est
458 1913 636 1950 romana,
669 1903 815 1940 etiamsi
847 1904 977 1939 auctor
1007 1901 1144 1939 dubius
1173 1896 1333 1939 manet’:
1367 1912 1459 1938 nam

129 1960 196 2008 qui
233 1960 412 2007 titulum,
456 1959 612 1997 laudem
655 1959 750 2007 fert,
795 1971 873 1996 non
911 1961 970 1996 est
1007 1958 1157 1996 dubius.
1231 1971 1303 1997 nec
1341 1971 1460 2007 ,oenus

130 2018 293 2056 Adrasti
324 2018 371 2055 de
402 2020 543 2066 nepote
576 2029 622 2054 ex
653 2017 733 2054 filia
764 2017 949 2066 Deipyla,
990 2016 1092 2065 quod
1124 2017 1227 2066 apud
1258 2017 1460 2066 Hyginum

129 2077 309 2125 iteratur,
335 2084 509 2124 LXVIIII,
535 2084 672 2124 XCVII,
699 2083 862 2123 CLXXV,
895 2079 934 2113 et
954 2075 1144 2112 librorum
1165 2077 1224 2113 est
1242 2075 1459 2122 meliorum,

130 2135 178 2172 ab
217 2135 500 2182 interpolatore
540 2134 710 2171 alienum
747 2136 822 2171 est:
861 2133 892 2171 si
925 2132 1054 2170 Ovidii
1086 2133 1154 2182 sit,
1191 2135 1295 2171 certe
1326 2134 1459 2181 penta-

130 2195 300 2230 metrum
333 2193 577 2241 suppositum
607 2193 648 2229 in
678 2193 819 2230 lacuna
849 2190 1089 2229 crediderim.

248 2249 344 2288 Loci
374 2251 415 2287 hi
453 2252 539 2288 octo
580 2251 613 2288 si
643 2250 684 2287 in
713 2250 801 2287 imis
832 2250 1041 2287 Fastorum
1073 2249 1275 2298 archetypi
1305 2248 1458 2299 paginis

131 2309 253 2347 fuisse
302 2311 509 2357 putentur,
557 2311 690 2357 partes
739 2307 947 2347 voluminis
997 2307 1266 2344 discriminant
1308 2319 1458 2354 novem,
