1570 2527
506 123 566 157 Ν.
592 131 642 156 m
664 125 800 156 70-1v
822 125 875 156 54.
1304 121 1358 162 69

70 241 115 272 20
137 233 314 278 Quorum
345 231 409 270 hic
441 232 629 282 aspicitur
648 262 659 282 ,
691 230 866 270 creditur
897 230 962 269 ille
994 230 1118 269 deus.

134 291 186 329 Ut
216 302 295 328 non
327 289 560 341 debuerim,
592 294 723 328 tamen
754 289 829 328 hoc
862 302 932 340 ego
965 290 1114 328 crimen
1145 288 1321 327 habebo:

134 349 221 387 Non
252 349 327 387 fuit
358 347 511 387 arbitrii
542 347 672 386 littera
705 353 841 386 nostra
872 349 953 387 tui.

135 407 216 446 Nec
247 419 345 445 nova
363 437 374 458 ‚
407 406 511 457 quod
542 412 675 445 tecum
705 406 847 457 loquor
865 437 876 458 ‚
909 411 969 445 est
999 407 1140 445 iniuria
1172 411 1330 457 nostra,

133 465 345 504 Incolumis
377 477 468 504 cum
500 477 578 515 quo
611 476 726 516 saepe
758 465 915 503 locutus
948 477 1053 503 eram
1074 495 1083 503 .

70 533 113 563 25
136 524 221 570 Quo
253 535 413 562 vereare
446 524 575 562 minus
595 555 605 575 ‚
637 535 686 562 ne
718 524 791 562 sim
823 522 896 562 tibi
928 525 1077 562 crimen
1109 523 1280 574 amicus,

134 582 321 621 Invidiam
341 613 352 634 ‚
383 583 496 632 siqua
528 587 616 633 est,
648 587 784 621 auctor
815 581 960 620 habere
993 587 1123 633 potest
1146 613 1154 620 .

134 641 232 680 Nam
263 646 355 679 tuus
387 646 447 679 est
471 642 608 691 primis
636 640 766 679 cultus
792 640 887 679 mihi
913 651 1068 692 semper
1101 640 1147 678 ab
1181 641 1292 678 annis
1314 661 1360 666 —

134 699 218 738 Hoc
250 704 357 738 certe
390 698 470 737 noli
502 698 748 738 dissimulare
780 721 827 726 —
857 705 998 751 pater3

134 758 418 809 Ingeniumque
449 768 581 795 meum
611 778 658 784 —
688 763 801 808 potes
832 757 907 796 hoc
939 757 1165 795 meminisse
1196 777 1244 783 —

728 814 942 868 probabat,

70 884 115 915 30
137 875 230 914 Plus
263 875 379 914 etiam
398 905 409 927 ,
443 886 558 925 quam
589 886 652 912 me
683 874 812 912 iudice
845 874 986 924 dignus
1019 884 1149 925 eram3

134 933 268 985 Deque
302 934 399 971 meis
432 932 497 971 illo
529 932 728 971 referebat
759 932 939 971 versibus
971 944 1064 983 ore,

134 992 176 1030 ln
211 1004 287 1043 quo
320 1003 410 1043 pars
442 1003 602 1042 magnae
635 991 852 1030 nobilitatis
885 998 996 1030 erat.

133 1050 219 1089 Non
250 1052 371 1101 igitur
402 1049 473 1089 tibi
504 1062 609 1089 nunc
628 1082 639 1102 ,
678 1050 782 1101 quod
814 1062 875 1088 me
909 1050 1048 1089 domus
1079 1050 1152 1088 ista
1185 1050 1360 1101 recepit,

137 1109 213 1147 Sed
244 1110 355 1160 prius
389 1110 540 1147 auctori
573 1114 665 1148 sunt
696 1109 783 1147 data
815 1108 933 1147 verba
963 1115 1054 1148 tuo.

69 1176 112 1206 35
134 1167 220 1206 Non
253 1167 340 1206 data
372 1172 464 1206 sunt
482 1198 493 1219 ,
524 1167 621 1206 mihi
649 1167 764 1206 crede
797 1173 956 1206 tamen.
1007 1167 1076 1206 sed
1107 1167 1148 1205 in
1181 1165 1362 1205 omnibus

729 1228 852 1279 actis,

134 1284 276 1324 Ultima
308 1287 342 1323 si
375 1285 536 1337 demas,
568 1286 646 1324 vita
678 1285 822 1324 tuenda
855 1297 939 1323 mea
972 1291 1055 1324 est.

134 1343 242 1382 Hanc
269 1356 449 1395 quoque,
476 1356 552 1395 qua
577 1345 701 1395 perii,
731 1344 885 1395 culpam
911 1343 1039 1383 scelus
1067 1356 1153 1383 esse
1180 1343 1361 1397 negabis,

135 1402 177 1440 Si
209 1404 307 1441 tanti
340 1404 463 1441 series
496 1404 548 1441 sit
579 1402 652 1440 tibi
683 1409 775 1441 nota
807 1402 920 1440 mali.

133 1461 211 1499 Aut
241 1462 359 1499 timor
390 1467 457 1499 aut
489 1473 602 1499 error
633 1460 747 1499 nobis
767 1492 777 1512 ,
809 1462 921 1511 prius
954 1460 1080 1499 obfuit
1112 1473 1246 1499 error.

69 1528 113 1558 40
136 1517 191 1558 A!
222 1520 306 1557 sine
338 1531 399 1558 me
432 1519 501 1557 fati
533 1531 611 1557 non
642 1520 868 1558 meminisse
900 1520 999 1557 mei.

134 1577 239 1616 Neve
271 1577 520 1616 retractando
552 1577 728 1616 nondum
760 1579 941 1616 coeuntia
974 1589 1112 1629 rumpe

136 1635 334 1675 Vulnera!
392 1637 453 1674 vix
486 1635 562 1674 illis
594 1636 772 1687 proderit
803 1638 885 1687 ipsa
918 1638 1051 1687 quies.

136 1694 239 1745 Ergo
271 1701 316 1734 ut
346 1696 431 1733 iure
465 1694 601 1733 damus
633 1707 779 1746 poenas
798 1727 808 1746 ‚
842 1696 898 1733 sic
931 1694 1054 1733 abfuit
1086 1706 1200 1734 omne

133 1752 299 1798 Peccato
332 1754 485 1792 facinus
518 1753 805 1804 consiliumque
838 1765 947 1792 meo.

70 1820 113 1850 45
135 1811 256 1862 quue
289 1812 386 1851 deus
419 1813 566 1851 sentit.
616 1824 687 1863 pro
727 1824 803 1863 quo
842 1824 915 1851 nec
946 1812 1080 1851 lumen
1112 1811 1359 1866 ademptum,

132 1870 213 1908 Nec
244 1870 340 1909 mihi
372 1871 566 1910 detractas
597 1870 774 1922 possidet
805 1870 902 1909 alter
935 1883 1052 1922 opes.

133 1928 314 1967 Forsitan
344 1928 444 1968 hanc
476 1931 599 1980 ipsam
619 1961 630 1982 ‚
661 1930 786 1968 vivam
818 1929 933 1968 modo
953 1960 963 1980 ,
994 1930 1104 1968 finiet
1136 1929 1250 1979 olim,

133 1987 326 2038 Tempore
359 1999 449 2026 cum
481 1988 601 2027 fuerit
631 1987 757 2026 lenior
788 1989 875 2040 ira,
908 1988 1061 2038 fugam.

133 2045 274 2097 Nunc,
306 2058 476 2098 precor,
508 2046 599 2085 hinc
632 2046 705 2085 alio
736 2045 869 2085 iubeat
900 2045 1104 2085 discedere
1124 2076 1136 2099 ‚
1168 2046 1201 2084 si
1232 2057 1311 2084 non

69 2112 112 2144 50
132 2104 274 2143 Nostra
305 2104 528 2144 verecundo
560 2111 648 2143 vota
679 2105 831 2156 pudore
864 2109 1021 2143 carent.

133 2162 266 2202 Mitius
299 2163 457 2202 exilium
490 2163 682 2215 pauloque
714 2163 976 2214 propinquius
1008 2168 1122 2215 opto,

134 2220 288 2272 Quique
321 2223 371 2261 sit
403 2233 424 2261 a
456 2233 570 2261 saevo
602 2222 757 2272 longius
788 2221 901 2259 hoste
932 2220 1065 2272 locus3

134 2278 363 2330 Quantaque
395 2280 436 2319 in
467 2280 644 2331 Augusto
677 2279 906 2332 clementia,
938 2282 1062 2332 siquis
1093 2280 1140 2321 ab
1173 2281 1238 2321 illo

134 2336 216 2376 Hoc
247 2343 401 2389 peteret
433 2350 504 2389 pro
537 2351 616 2390 me,
648 2339 811 2377 forsitan
843 2338 906 2377 ille
938 2340 1063 2379 daret.
