1570 2527
598 134 645 166 11.
670 142 748 167 vm
770 136 894 168 1-69,
1334 135 1417 177 159

126 249 170 281 35
190 241 307 281 Parte
338 241 422 281 leva
453 242 614 281 minima
645 248 800 282 nostras
833 248 874 282 et
904 243 1091 283 contrahe
1123 256 1269 295 poenas
1287 276 1298 296 ,

250 300 384 351 Daque
404 332 415 353 ,
446 300 586 352 procul
614 300 797 352 Scythico
830 303 897 353 qui
928 303 979 341 sit
1010 302 1057 341 ab
1089 302 1201 342 hoste
1221 334 1232 355 ,
1263 303 1417 343 locum.

191 357 241 398 Et
273 365 369 411 tua,
402 360 435 398 si
466 359 524 398 fas
557 366 646 411 est,
678 372 698 398 a
731 360 897 400 Caesare
928 362 1107 412 proxime
1140 361 1304 415 Caesar⁷

250 417 417 457 Numina
450 419 529 457 sint
559 418 745 470 precibus
778 431 857 458 non
887 420 1044 459 inimica
1077 422 1198 460 meis.

191 475 255 515 Sic
288 477 369 515 sera
402 479 692 528 quamprimum
724 477 863 529 pavido
896 478 1103 518 Germania
1135 479 1244 519 vultu

124 542 170 574 40
248 535 348 574 Ante
381 536 660 587 triumphantis
692 548 804 575 serva
836 537 988 576 feratur
1018 550 1165 589 equos:

191 593 255 633 Sic
286 600 398 645 pater
429 596 470 633 in
502 595 631 646 Pylios
651 628 662 648 ‚
695 595 885 635 Cumaeos
917 602 1043 636 mater
1073 598 1114 636 in
1146 609 1268 636 annos
1360 606 1416 638 (63)

249 651 415 705 Vivant,
449 660 487 692 et
518 655 647 705 possis
680 654 783 693 filius
816 666 903 693 esse
935 654 1025 695 diu.

189 710 248 750 Tu
282 723 439 763 quoque
456 743 469 764 ,
502 713 740 752 conveniens
771 714 921 764 ingenti
953 719 1074 765 nupta
1106 716 1271 767 marito,

249 770 392 821 Accipe
425 782 505 809 non
537 770 634 809 dura
667 771 856 823 supplicis
889 784 983 811 aure
1014 785 1179 824 preces,

124 834 168 867 45
191 828 256 868 Sic
288 827 360 867 tibi
393 830 452 867 vir
484 840 621 880 sospes
640 860 651 881 ,
684 831 740 868 sic
773 831 853 869 sint
884 842 974 870 cum
1005 831 1117 882 prole
1150 837 1339 884 nepotes,

248 886 425 938 Cumque
458 886 572 926 honis
604 888 771 927 nuribus
804 888 909 939 quod
941 901 1133 941 peperere
1166 902 1315 930 nurus.

189 945 255 985 Sic
287 958 404 997 quem
437 946 522 985 dira
554 946 626 985 tibi
657 949 790 999 rapuit
821 947 1029 987 Germania
1060 948 1256 1001 Drusum,

248 1004 344 1043 Pars
376 1006 497 1044 suerit
528 1011 665 1057 partus
698 1006 778 1045 sola
812 1006 958 1046 caduca
990 1008 1074 1046 tui.

190 1062 255 1102 Sic
287 1062 358 1103 tibi
389 1069 542 1103 mature
575 1065 740 1104 fraterni
773 1066 924 1104 funeris
956 1065 1062 1105 ultor

125 1130 170 1162 50
251 1121 483 1173 Purpureus
514 1124 639 1162 niveis
671 1123 774 1163 filius
806 1126 928 1164 instet
959 1126 1093 1176 equis.

188 1181 358 1220 Adnuite
391 1180 442 1220 o!
487 1181 665 1235 timidis,
697 1184 903 1222 mitissima
934 1186 1095 1223 numina
1114 1216 1125 1237 ‚
1157 1185 1279 1223 votis.

248 1239 474 1279 Praesentis
506 1240 651 1292 aliquid
684 1243 810 1293 prosit
840 1241 987 1281 habere
1019 1242 1137 1282 deos.

190 1298 368 1338 Caesaris
402 1299 571 1338 adventu
604 1305 707 1339 tacta
740 1300 930 1351 gladiator
963 1313 1081 1340 arena

247 1357 366 1410 Exit,
399 1364 438 1397 et
470 1358 658 1398 auxilium
691 1371 770 1398 non
802 1359 886 1399 leve
918 1359 1060 1399 vulnus
1091 1358 1231 1399 habet.

123 1424 166 1456 55
186 1415 266 1456 Nos
299 1428 457 1468 quoque
489 1424 619 1457 vestra
638 1448 649 1470 ,
687 1419 823 1471 iuvet,
855 1418 959 1470 quod
979 1450 990 1471 ‚
1029 1431 1105 1470 qua
1137 1418 1229 1458 licet
1247 1451 1258 1471 ,
1290 1432 1358 1458 ora

921 1477 1122 1517 videmus:

248 1534 394 1574 lntrata
427 1541 488 1574 est
520 1536 676 1586 superis
709 1536 813 1587 quod
847 1535 986 1576 domus
1019 1548 1097 1576 una
1129 1536 1280 1577 tribus.

188 1592 340 1632 Felices
372 1593 427 1632 illi
445 1624 456 1645 ‚
491 1595 558 1645 qui
590 1606 668 1633 non
702 1595 909 1634 simulacra
928 1626 939 1648 ,
972 1595 1041 1634 sed
1072 1597 1205 1648 ipsos,

248 1652 402 1704 Quique
436 1652 552 1692 deum
586 1665 718 1692 coram
751 1665 917 1706 corpora
949 1666 1040 1693 vera
1071 1654 1228 1693 vident.

189 1710 301 1756 Quod
335 1712 521 1762 quoniam
552 1711 667 1751 nobis
700 1713 839 1752 invidit
869 1713 1008 1752 inutile
1041 1714 1189 1766 satum,

123 1778 167 1809 60
247 1769 354 1815 Quos
386 1770 493 1810 dedit
524 1782 618 1823 ars,
650 1770 781 1810 vultus
814 1771 1063 1823 effigiemque
1095 1772 1206 1811 colo.

189 1828 253 1868 Sic
285 1829 465 1868 homines
497 1841 642 1868 novere
675 1830 769 1869 deos
788 1862 800 1883 ‚
832 1843 932 1882 quos
964 1830 1111 1870 arduus
1144 1830 1280 1870 aether

248 1887 402 1927 Occulit
421 1921 433 1941 ‚
465 1894 504 1927 et
536 1889 680 1928 colitur
713 1901 785 1941 pro
818 1889 907 1929 love
940 1890 1064 1929 forma
1097 1889 1223 1930 lovis.

187 1945 365 1998 Denique
387 1978 397 1998 ,
430 1959 530 1999 quae
567 1959 724 1987 mecum
757 1955 818 1988 est
855 1956 895 1988 et
932 1950 1009 1988 erit
1046 1950 1130 1988 sine
1168 1949 1268 2001 fine,

922 2013 1080 2059 cavete,
1360 2016 1417 2050 (64)

248 2064 304 2103 Ne
338 2065 390 2104 sit
421 2066 461 2104 in
494 2066 620 2105 inviso
653 2072 782 2105 vestra
814 2066 939 2117 figura
971 2066 1080 2105 loco.

124 2131 168 2163 65
189 2123 286 2162 Nam
317 2129 437 2176 caput
469 2136 490 2163 e
524 2131 658 2164 nostra
692 2125 809 2164 citius
843 2126 995 2164 cervice
1028 2124 1211 2178 recedet,

247 2182 297 2222 Et
328 2184 454 2235 patiar
487 2183 604 2223 fossis
637 2183 770 2223 lumen
803 2182 911 2222 abire
944 2185 1078 2236 genis,

189 2241 315 2287 Quam
347 2253 501 2281 caream
533 2243 656 2294 raptis
675 2274 687 2295 ,
719 2255 741 2281 ο
773 2241 928 2294 publica
960 2241 1144 2282 numina!
1188 2242 1321 2283 vobis.

246 2299 324 2339 Vos
356 2302 466 2341 eritis
500 2308 659 2341 nostrae
691 2307 830 2353 portus
862 2308 902 2341 et
933 2313 998 2340 ara
1030 2302 1166 2353 fugae.

187 2358 264 2398 Vos
295 2371 367 2411 ego
400 2360 670 2413 complectar,
703 2359 849 2400 Geticis
883 2362 916 2400 si
949 2362 1082 2412 cingar
1114 2360 1161 2400 ah
1195 2362 1338 2414 armis,
