1570 2527
201 119 283 160 124
742 120 807 153 Ex
831 120 988 154 PONTo

355 228 424 267 ,Et
456 228 559 279 quod
591 229 698 266 iners
729 227 848 267 hiemi
880 230 1131 268 continuatur
1162 227 1340 280 hiemps.

316 286 387 326 Hic
418 298 480 325 me
512 291 751 336 pugnantem
783 298 871 325 cum
904 287 1048 338 frigore
1081 298 1249 338 cumque
1281 287 1432 338 sagittis

376 344 552 395 Cumque
584 356 670 382 meo
702 345 780 383 fato
812 351 950 396 quarta
981 345 1116 396 fatigat
1145 345 1321 396 hiemps.

316 403 412 441 Fine
445 407 580 441 carent
610 402 791 441 lacrimae
812 433 823 454 ,
854 405 930 441 nisi
961 415 1050 442 eum
1083 409 1220 454 stupor
1251 403 1404 442 obstitit
1433 402 1532 457 illis,

254 470 297 500 30
375 460 426 499 Et
457 460 596 499 similis
627 462 744 499 morti
775 466 934 511 pectora
966 466 1102 512 torpor
1133 461 1271 500 hahet.

316 518 488 557 Felicem
519 518 670 557 Nioben
689 551 700 570 ‚
733 520 908 569 quamvis
940 524 998 557 tot
1030 520 1167 557 funera
1197 519 1317 570 vidit,

377 577 483 623 Quae
515 578 648 628 posuit
679 589 838 615 sensum
857 608 868 629 ‚
901 589 1013 616 saxea
1045 578 1143 615 sacta
1162 607 1173 628 ‚
1204 576 1316 616 mali!

316 634 393 674 Vos
426 647 581 686 quoque
614 635 770 686 felices,
803 647 969 685 quarum
1000 635 1204 674 clamantia
1235 635 1395 674 fratrem

377 693 532 732 Cortice
564 693 703 732 velavit
733 693 902 745 populus
934 705 1001 732 ora
1033 706 1155 732 novo.

254 760 297 791 35
317 752 385 790 Ille
411 764 481 802 ego
509 763 619 803 sum,
644 751 792 802 lignum
818 753 886 803 qui
911 764 989 790 non
1016 752 1197 790 admittar
1222 753 1262 790 in
1289 751 1434 792 ullum:
1496 761 1536 793 (6)

376 810 444 848 Ille
476 823 547 861 ego
581 822 668 849 sum
688 840 698 858 ,
729 810 874 848 frustra
907 812 973 861 qui
1004 810 1101 861 lapis
1133 821 1220 849 esse
1251 810 1388 849 velim.

320 868 424 919 [Ipsa
455 868 616 906 Medusa
647 867 771 906 oculis
802 869 930 907 veniat
960 868 1052 906 licet
1083 867 1194 906 obvia
1226 869 1394 920 nostris,

377 928 539 965 Amittet
569 928 671 965 vires
703 928 787 976 ipsa
818 926 977 965 Medusa
1010 925 1140 975 suas.]

318 984 520 1037 Vivimus,
551 990 596 1022 ut
627 996 839 1035 numquam
871 996 991 1023 sensu
1023 996 1223 1023 careamus
1255 996 1410 1037 amaro,

256 1051 301 1082 40
379 1042 430 1081 Et
460 1044 614 1093 gravior
645 1042 757 1093 longa
789 1043 833 1081 fit
864 1054 948 1081 mea
980 1054 1105 1093 poena
1136 1054 1267 1082 mora.

322 1101 385 1139 Sic
417 1102 736 1151 inconsumptum
768 1100 872 1151 Tityi
903 1113 1137 1151 semperque
1167 1112 1378 1139 renascens

378 1159 464 1197 Non
496 1160 627 1210 perit,
658 1164 702 1197 ut
732 1160 857 1209 possit
888 1171 1002 1210 saepe
1035 1161 1165 1209 perire
1184 1190 1195 1211 ,
1226 1161 1361 1198 iecur.

320 1219 369 1256 At
386 1248 397 1268 ,
429 1223 524 1268 puto
545 1247 555 1264 ,
592 1229 680 1255 cum
712 1219 871 1267 requies
902 1217 1172 1268 medicinaque
1204 1217 1359 1268 publica
1392 1230 1508 1257 curae

380 1275 549 1314 Somnus
582 1275 720 1327 adest,
752 1275 875 1314 solitis
907 1288 983 1313 nox
1015 1277 1121 1314 venit
1153 1275 1246 1314 orba
1278 1277 1411 1316 malis.

255 1341 299 1372 45
322 1334 481 1372 Somnia
512 1345 573 1372 me
605 1339 758 1372 terrent
788 1346 901 1372 veros
934 1335 1124 1372 imitantia
1156 1345 1293 1385 casus,

380 1391 430 1430 Et
461 1392 621 1442 vigilant
653 1403 791 1430 sensus
823 1393 863 1430 in
895 1404 980 1430 mea
1012 1392 1149 1430 damna
1180 1393 1280 1431 mei.
1306 1424 1310 1429 .

320 1452 398 1489 Aut
430 1462 501 1500 ego
535 1450 766 1488 Sarmaticas
798 1450 932 1488 videor
962 1451 1085 1488 vitare
1117 1452 1298 1502 sagittas,

380 1509 457 1547 Aut
489 1508 580 1547 dare
614 1509 785 1559 captivas
818 1508 864 1546 ad
895 1508 977 1547 fera
1009 1508 1133 1547 vincla
1165 1520 1329 1548 manus.

321 1567 398 1605 Aut
429 1566 497 1605 ubi
529 1566 703 1617 decipior
735 1566 907 1605 melioris
938 1568 1105 1617 imagine
1138 1568 1287 1618 somni,

258 1633 302 1664 50
381 1626 538 1675 Aspicio
570 1626 717 1675 patriae
752 1630 853 1663 tecta
884 1625 1020 1664 relicta
1050 1637 1182 1663 meae.

322 1682 372 1721 Et
402 1682 517 1720 modo
549 1682 750 1721 vobiscum
769 1714 779 1733 ‚
813 1695 911 1733 quos
944 1695 1030 1721 sum
1062 1688 1300 1734 veneratus,
1331 1684 1468 1733 amici,

381 1740 432 1778 Et
462 1740 576 1778 modo
610 1752 700 1778 cum
732 1752 820 1778 cara
852 1742 1016 1791 coniuge
1049 1741 1168 1779 multa
1201 1740 1362 1791 loquor.

325 1799 388 1837 Sic
419 1798 487 1837 ubi
519 1804 704 1849 percepta
736 1805 796 1836 est
827 1797 955 1837 brevis
988 1804 1026 1837 et
1057 1811 1135 1837 non
1166 1810 1257 1836 vera
1289 1798 1491 1850 voluptas,

381 1856 498 1896 Peior
530 1856 577 1894 ab
609 1856 809 1894 admonitu
841 1857 884 1895 fit
916 1862 1039 1895 status
1070 1858 1145 1895 iste
1179 1856 1291 1895 boni.

261 1923 303 1954 55
327 1915 414 1953 Sive
447 1914 530 1953 dies
562 1916 682 1964 igitur
715 1920 831 1964 caput
861 1914 936 1953 hoc
968 1914 1188 1953 miserabile
1221 1916 1370 1968 cernit,

383 1972 471 2012 Sive
502 1974 681 2023 pruinosi
711 1972 846 2011 Noctis
881 1978 1049 2023 aguntur
1081 1974 1195 2024 equi,

326 2031 390 2071 Sic
422 2042 507 2070 mea
537 2032 740 2082 perpetuis
771 2030 977 2081 quuefiunt
1008 2037 1168 2081 pectora
1200 2032 1330 2082 curis,

383 2089 543 2140 Ignibus
576 2089 740 2127 admotis
773 2095 816 2128 ut
847 2100 943 2127 nova
976 2101 1064 2127 cera
1097 2089 1219 2128 solet.

327 2147 449 2200 Saepe
493 2159 635 2199 precor
678 2152 875 2199 mortem,
917 2152 1082 2186 mortem
1128 2158 1284 2198 quoque
1328 2146 1518 2198 deprecor

1050 2205 1178 2256 idem,
1502 2214 1542 2245 (⁷)

262 2272 305 2303 60
384 2263 441 2302 Ne
472 2276 558 2303 mea
591 2263 848 2303 Sarmaticum
881 2269 1060 2314 contegat
1092 2275 1178 2302 ossa
1210 2263 1358 2303 solum.

327 2321 425 2361 Cum
458 2321 592 2374 subit,
623 2322 790 2373 Augusti
822 2334 921 2373 quae
954 2324 1004 2361 sit
1036 2321 1264 2373 clementia,
1297 2323 1413 2361 credo

1441 1951 1459 1969 0
