1570 2527
589 122 634 155 n.
664 123 860 155 284—357.
1344 121 1396 162 31

171 228 253 267 Nec
285 227 382 268 mihi
412 229 616 268 materiam
647 227 827 267 bellatrix
860 229 982 268 Roma
1013 229 1203 282 negabat,

174 285 224 325 Et
256 287 345 338 pius
379 292 468 339 est,
499 287 647 338 patriae
680 287 779 325 facta
812 288 962 326 referre
981 320 992 339 ,
1024 287 1157 327 labor.

172 345 350 396 Denique
385 357 475 384 cum
506 346 658 384 meritis
690 344 914 396 impleveris
946 348 1099 399 omnia,
1133 346 1298 399 Caesar,

172 402 269 442 Pars
302 403 397 442 mihi
429 403 476 442 de
509 403 642 442 multis
675 415 752 442 una
785 404 958 443 canenda
991 405 1088 456 fuit,

84 468 152 501 325
174 461 303 512 thue
337 461 498 501 trahunt
530 461 665 501 oculos
696 461 886 501 radiantia
918 462 1064 502 lumina
1097 462 1216 516 solis,

175 519 406 559 Traxissent
438 522 611 560 animum
643 521 699 559 sic
731 526 798 560 tua
830 521 930 560 facta
963 533 1116 560 meum.

172 579 327 629 Arguor
358 580 572 618 inmerito.
622 580 752 617 tenuis
786 579 881 618 mihi
913 591 1073 631 campus
1106 584 1263 620 aratur:

173 636 271 675 Illud
305 642 389 675 erat
421 648 581 687 magnae
614 637 826 676 fertilitatis
859 650 979 688 opus.

172 694 258 733 Non
289 695 376 733 ideo
410 695 527 733 debet
559 694 694 745 pelago
729 707 769 734 se
804 696 964 734 credere
985 728 995 747 ‚
1027 697 1140 747 siqua

85 760 152 791 330
172 752 300 791 Audet
330 754 371 791 in
403 754 544 803 exiguo
576 752 712 791 ludere
746 753 886 792 cumba
919 754 1027 793 lacu.

173 810 322 849 Forsan
337 832 393 837 —
420 816 459 849 et
483 810 558 849 hoc
580 810 755 849 dubitem
773 832 821 838 -
852 813 1028 850 numeris
1048 811 1259 852 levioribus
1287 818 1400 865 aptus

174 869 257 908 Sim
289 870 382 908 satis
402 901 412 920 ‚
443 870 484 907 in
516 881 657 920 parvos
691 869 960 920 sufficiamque
993 870 1154 910 modos:

173 928 222 966 At
253 928 287 966 si
318 939 380 966 me
412 926 548 966 iubeas
581 927 749 966 domitos
782 927 882 967 Iovis
915 929 1004 979 igne
1037 927 1222 980 Gigantes

173 985 312 1025 Dicere
331 1016 343 1038 ,
375 991 582 1024 conantem
615 985 834 1025 debilitabit
866 998 988 1026 onus.

85 1050 152 1082 335
173 1045 318 1082 Divitis
350 1045 498 1095 ingenii
530 1050 590 1083 est
620 1045 804 1083 immania
836 1044 1013 1084 Caesaris
1045 1051 1130 1085 acta

175 1102 354 1141 Condere
373 1133 384 1154 ‚
415 1104 578 1142 materia
610 1114 659 1141 ne
692 1109 904 1154 superetur
935 1116 1056 1155 opus.

174 1160 224 1200 Et
255 1166 386 1200 tamen
419 1173 538 1200 ausus
571 1173 705 1213 eram3
757 1161 825 1200 sed
859 1162 1078 1201 detrectare
1111 1162 1294 1216 videbar,

176 1219 369 1270 Quodque
401 1219 509 1258 nefas
529 1251 540 1272 ‚
573 1219 713 1258 damno
746 1219 896 1259 viribus
929 1232 1015 1260 esse
1048 1222 1152 1260 tuis.

175 1278 232 1317 Ad
264 1277 348 1316 leve
381 1290 521 1317 rursus
554 1290 651 1329 opus
671 1310 682 1330 ,
714 1278 906 1317 iuvenalia
939 1280 1139 1331 carmina,
1172 1281 1282 1332 veni,

86 1343 154 1374 340
175 1335 225 1375 Et
256 1336 352 1375 salso
385 1338 487 1375 movi
518 1342 656 1388 pectus
689 1349 820 1376 amore
853 1349 1007 1377 meum.

175 1394 261 1433 Non
294 1395 475 1445 equidem
507 1394 674 1434 vellem.
725 1395 793 1434 sed
826 1407 887 1434 me
920 1407 1005 1434 mea
1038 1396 1114 1435 fata
1145 1395 1377 1449 trahebant,

175 1451 298 1503 Inque
332 1465 437 1492 meas
468 1465 615 1503 poenas
646 1454 874 1504 ingeniosus
907 1465 1036 1492 eram.

176 1510 224 1549 Ei
255 1510 380 1562 mihi,
414 1511 518 1561 quod
551 1510 696 1550 didici!
748 1523 818 1550 cur
850 1524 912 1550 me
945 1512 1116 1551 docuere
1148 1518 1332 1564 parentes

176 1567 403 1620 Litteraque
436 1575 496 1608 est
527 1569 661 1608 oculos
694 1568 771 1608 ulla
803 1575 950 1608 morata
981 1569 1119 1610 meos!

88 1633 156 1665 345
176 1626 282 1666 Haec
313 1627 385 1666 tibi
416 1639 477 1666 me
509 1629 680 1666 invisum
711 1627 867 1666 lascivia
900 1629 1022 1680 fecit,
1054 1628 1104 1667 ob
1135 1629 1274 1681 Artes,

177 1685 273 1731 Quis
305 1692 414 1725 ratus
446 1698 488 1724 es
520 1687 662 1725 vetitos
695 1685 904 1725 sollicitare
938 1692 1068 1726 toros.

179 1743 255 1782 Sed
289 1756 416 1795 neque
448 1756 510 1783 me
543 1751 688 1795 nuptae
722 1744 946 1784 didicerunt
977 1746 1082 1784 furta
1112 1747 1324 1798 magistre,

178 1801 370 1854 Quodque
402 1814 541 1854 parum
572 1804 681 1842 novit
698 1834 709 1854 7
742 1815 857 1842 nemo
890 1804 1032 1843 docere
1064 1809 1223 1855 potest.

177 1860 242 1899 Sic
275 1873 345 1911 ego
378 1861 536 1900 delicias
569 1867 609 1901 et
639 1861 767 1900 mollia
800 1864 970 1901 carmina
1002 1863 1101 1914 feci,

88 1926 156 1958 350
178 1919 392 1959 Strinxerit
422 1925 467 1959 ut
497 1932 641 1959 nomen
673 1919 806 1959 fabula
838 1920 943 1959 nulla
975 1933 1134 1960 meum.

176 1977 257 2016 Nec
290 1979 496 2028 quisquam
528 1984 589 2017 est
620 1979 716 2018 adeo
749 1978 874 2017 media
907 1979 954 2018 de
986 1979 1100 2030 plebe
1134 1979 1328 2030 maritus,

177 2035 227 2074 Ut
259 2035 402 2075 dubius
434 2038 527 2075 vitio
554 2038 604 2076 sit
635 2043 746 2088 pater
777 2037 842 2076 ille
874 2049 984 2076 meo,

177 2093 300 2133 Crede
333 2094 429 2134 mihi
447 2127 457 2146 ‚
490 2095 635 2134 distant
665 2108 797 2135 mores
830 2108 850 2134 a
882 2097 1054 2135 carmine
1087 2100 1222 2134 nostro
1250 2117 1305 2123 —

176 2152 261 2192 Vita
293 2153 514 2193 verecunda
546 2159 636 2205 est,
667 2154 777 2193 Musa
808 2155 939 2193 iocosa
971 2166 1057 2193 mea
1085 2175 1139 2181 —

89 2219 157 2249 355
178 2210 393 2263 Magnaque
425 2224 515 2264 pars
541 2212 706 2252 mendax
739 2226 903 2265 operum
934 2219 995 2254 est
1019 2219 1057 2251 et
1083 2213 1171 2252 ficta
1197 2224 1399 2252 meorum:

177 2268 270 2308 Plus
302 2270 377 2309 sibi
408 2272 588 2322 permisit
619 2273 882 2322 compositore
915 2283 1010 2310 suo.

176 2326 257 2367 Nec
289 2327 388 2368 liber
426 2330 615 2369 indicium
648 2335 708 2368 est
740 2330 887 2382 animi,
926 2329 992 2369 sed
1026 2329 1191 2369 honesta
1223 2329 1400 2381 voluptas
