1570 2527
198 124 281 166 166
738 128 803 159 EX
827 127 983 160 PONTO

315 235 416 280 Quid
449 236 566 274 facias
585 266 595 286 ,
629 237 782 285 quaeris
803 233 824 273 ‘P
865 247 1028 286 quaeras
1060 235 1133 274 hoc
1167 235 1315 275 scilicet
1345 238 1498 289 ipsum,

372 294 579 344 Invenies,
611 305 700 331 vere
734 295 767 332 si
798 295 971 344 reperire
1005 294 1134 333 voles.

249 360 293 390 35
314 351 417 389 Velle
450 363 588 402 parum
621 357 709 390 est:
765 354 928 404 cupias,
965 358 1009 391 ut
1045 364 1087 390 re
1120 353 1311 405 potiaris,
1349 357 1527 405 oportet,

371 409 420 447 Et
452 410 567 448 faciat
599 422 755 449 somnos
786 410 882 448 haec
914 410 985 448 tibi
1017 422 1110 449 cura
1141 410 1302 449 breves.

313 466 417 505 Velle
449 480 540 506 reor
566 468 736 507 multos.
788 470 874 519 quis
901 470 1004 507 enim
1031 468 1125 507 mihi
1156 474 1234 507 tam
1266 471 1317 508 sit
1347 471 1527 522 iniquus,

373 525 490 576 Optet
520 532 564 565 ut
596 527 753 565 exilium
785 539 878 577 pace
912 538 1046 565 carere
1077 538 1207 565 meum
1226 524 1247 565 ?

313 583 476 623 Pectore
509 588 546 623 t'e
580 590 661 623 toto
694 586 924 636 cunctisque
956 584 1183 623 incumbere
1215 586 1345 624 nervis

250 650 294 680 40
375 642 423 681 Et
454 644 526 681 niti
556 655 628 694 pro
660 655 720 682 me
754 649 868 682 nocte
901 643 1041 694 dieque
1074 642 1208 682 decet.

314 700 440 751 thue
473 703 607 740 iuvent
639 701 701 740 alii
720 733 730 753 ,
763 708 805 740 tu
837 701 957 740 debes
988 703 1144 740 vincere
1177 702 1346 754 amicos,

371 759 476 798 Uxor
508 765 547 798 et
578 759 623 798 ad
655 761 777 811 partis
809 762 934 811 prima
966 762 1097 798 venire
1129 765 1239 799 tuas.

312 817 449 868 Magna
480 818 550 856 tibi
582 820 763 869 imposita
796 825 855 857 est
886 820 1032 857 nostris
1065 830 1230 869 persona
1262 817 1428 857 libellis:

373 876 556 927 Coniugis
589 877 809 927 exemplum
841 877 983 915 diceris
1016 889 1100 915 esse
1133 876 1280 915 bonae.

247 942 291 972 45
311 933 418 972 Hanc
451 947 540 973 cave
574 935 787 985 degeneres
806 967 816 986 ,
857 940 899 974 ut
931 936 1009 973 sint
1039 936 1245 986 praeconia
1277 939 1410 973 nostra
1471 942 1528 975 (⁷4)

371 992 498 1045 Vera3
530 993 616 1031 vide
637 1025 647 1045 ,
680 994 800 1031 famae
834 994 937 1044 quod
970 995 1115 1032 tuearis
1148 1005 1268 1044 opus.

312 1050 361 1089 Ut
391 1051 486 1089 nihil
518 1053 600 1102 ipse
635 1064 805 1102 querar,
838 1053 955 1090 tacito
988 1064 1050 1090 me
1082 1052 1182 1090 sama
1214 1056 1426 1103 queretur,

372 1109 477 1154 Quae
510 1109 654 1161 debet,
687 1110 806 1148 fuerit
838 1112 876 1148 ni
909 1110 979 1148 tibi
1012 1121 1105 1148 cura
1138 1111 1237 1148 mei.

312 1167 501 1218 Exposuit
533 1180 617 1206 mea
649 1180 709 1206 me
742 1168 886 1219 populo
920 1169 1074 1206 fortuna
1107 1167 1340 1220 videndum,

248 1234 291 1264 50
371 1226 418 1264 Et
451 1226 538 1276 plus
571 1228 730 1264 notitiae
750 1257 760 1277 ,
793 1238 908 1276 quain
941 1227 1013 1265 fuit
1045 1231 1133 1264 ante
1153 1257 1163 1277 ,
1195 1225 1323 1265 dedit.

313 1284 449 1322 Notior
483 1290 541 1322 est
573 1284 698 1323 sactus
731 1283 932 1334 Capaneus
965 1297 984 1322 a
1017 1284 1189 1322 fulminis
1220 1285 1327 1323 ictu:

371 1342 494 1380 Notus
527 1342 644 1381 humo
677 1344 817 1380 mersis
850 1342 1105 1393 Amphiaraus
1139 1343 1273 1392 equis.

314 1400 353 1439 Si
386 1402 515 1439 minus
548 1406 748 1451 errasset,
780 1406 896 1439 notus
929 1402 1058 1439 minus
1092 1407 1195 1438 esset
1227 1399 1379 1439 Ulixes:

369 1459 505 1509 Magna
537 1458 775 1497 Philoctetae
807 1459 966 1497 vulnere
1000 1459 1098 1496 fama
1131 1470 1200 1496 suo
1234 1465 1315 1497 est.

249 1525 292 1556 55
315 1517 355 1555 Si
387 1517 496 1556 locus
530 1523 588 1555 est
621 1517 759 1567 aliquis
791 1522 896 1555 tanta
928 1518 1031 1555 inter
1062 1518 1219 1555 nomina
1250 1517 1403 1568 parvis,

370 1575 448 1614 Nos
481 1588 636 1626 quoque
670 1576 903 1626 conspicuos
930 1581 1062 1614 nostra
1094 1576 1206 1613 ruina
1238 1575 1352 1613 facit.

311 1633 392 1672 Nec
424 1639 462 1672 te
495 1635 639 1672 nesciri
671 1636 817 1684 patitur
850 1646 934 1672 mea
966 1635 1103 1684 pagina
1122 1663 1133 1685 ,
1166 1644 1241 1684 qua
1273 1645 1351 1671 non

370 1692 537 1730 Inferius
571 1691 647 1730 Coa
678 1691 820 1730 Bittide
852 1704 994 1730 nomen
1026 1691 1168 1730 habes.

313 1749 509 1800 Quidquid
545 1762 633 1800 ages
665 1751 813 1801 igitur,
847 1762 985 1788 scaena
1012 1749 1240 1800 spectabere
1272 1760 1432 1801 magna,

247 1817 291 1847 60
370 1807 419 1846 Et
449 1809 511 1859 pia
544 1820 620 1846 non
653 1809 782 1858 parvis
814 1807 981 1846 testibus
1014 1819 1111 1846 uxor
1144 1809 1243 1846 eris.

312 1865 436 1904 Crede
468 1866 562 1904 mihi
580 1897 590 1917 ,
624 1867 805 1916 quotiens
836 1865 1004 1904 laudaris
1037 1867 1207 1904 carmine
1239 1870 1397 1918 nostro,

372 1924 447 1969 Qui
479 1924 572 1975 legit
603 1924 671 1962 has
703 1924 837 1962 laudes
856 1955 866 1975 ,
899 1936 947 1962 an
979 1936 1153 1962 mereare
1173 1955 1184 1975 ,
1216 1929 1350 1975 rogat.

313 1981 439 2033 thue
473 1983 601 2021 favere
633 1995 724 2021 reor
756 1982 888 2033 plures
919 1982 1131 2021 virtutibus
1163 1984 1272 2035 istis,

372 2041 436 2079 Sic
468 2047 534 2079 tua
566 2053 642 2079 non
674 2053 819 2092 paucae
852 2053 1012 2092 carpere
1045 2042 1145 2079 sacta
1177 2041 1328 2080 volent:

249 2107 292 2138 65
315 2099 488 2145 Quarum
520 2106 563 2138 tu
595 2105 747 2150 praesta
766 2131 776 2151 ‚
808 2111 857 2137 ne
889 2099 986 2137 livor
1018 2099 1148 2138 dicere
1181 2100 1304 2150 possit

372 2155 498 2196 ‘Haec
532 2163 591 2196 est
623 2170 693 2208 pro
726 2159 860 2196 miseri
890 2157 994 2195 lenta
1026 2157 1148 2196 salute
1181 2158 1253 2195 viri
1267 2153 1290 2196 .'

313 2215 486 2266 Cumque
514 2228 584 2266 ego
612 2216 809 2267 deficiam,
836 2228 908 2254 nec
933 2217 1080 2266 possim
1106 2216 1250 2254 ducere
1277 2222 1525 2268 currum‚(⁷5)

370 2273 445 2312 Fac
478 2280 521 2312 tu
553 2276 746 2313 sustineas
779 2273 904 2313 debile
937 2273 1017 2312 sola
1049 2275 1205 2324 iugum.

311 2330 367 2369 Ad
401 2331 594 2371 medicum
628 2338 762 2384 specto
794 2334 902 2371 venis
935 2332 1174 2383 fugientibus
1206 2343 1343 2383 aeger:
