1570 2527
603 130 644 164 v.
672 131 868 163 588-656.
1315 127 1398 168 329

93 246 159 278 620
240 237 346 283 Quae
378 238 449 276 bos
482 250 529 276 ex
560 238 717 277 homine
751 244 839 290 est,
872 250 918 276 ex
950 237 1047 276 bove
1080 238 1178 276 sacta
1211 238 1305 276 dea.

180 296 279 336 Tum
313 309 469 348 quoque
503 298 723 347 priscorum
756 299 864 347 virgo
897 296 1104 335 simulacra
1137 299 1311 336 virorum

238 355 391 394 Mittere
426 355 592 394 roboreo
626 357 775 406 scirpea
807 361 929 406 ponte
962 355 1082 394 solet.

182 413 352 464 Corpora
379 420 468 465 post
500 414 631 452 decies
664 426 779 453 senos
814 416 881 465 qui
913 414 1079 457 credidit
1111 426 1232 452 annos

239 473 354 511 Missa
388 474 504 525 neci,
538 473 697 512 sceleris
731 474 894 511 crimine
927 473 1083 511 damnat
1116 485 1228 511 avos.

93 539 159 570 625
181 531 295 569 Fama
329 537 469 571 vetus:
513 538 636 583 tunc,
673 544 760 570 cum
795 531 975 570 Saturnia
1014 538 1117 570 terra
1151 537 1283 570 vocata
1317 537 1399 582 est,

240 590 344 628 Talia
377 591 524 628 fatidici
556 591 658 629 dicta
691 591 801 629 fuere
834 590 955 628 Iovis:

180 645 391 687 eFalcisero
424 649 539 687 libata
573 651 656 688 seni
689 654 783 700 quot
815 661 979 699 corpora
1012 654 1147 700 gentes

238 707 379 746 Mittite
399 739 409 759 ,
443 720 540 759 quae
574 708 713 747 Tuscis
745 709 989 758 excipiantur
1021 704 1175 759 aquisz’

180 765 310 804 Donec
342 768 382 805 in
415 766 510 805 haec
544 768 648 805 venit
679 767 909 817 Tirynthius
941 779 1059 818 arva,
1092 767 1300 817 quotannis

92 833 158 863 630
238 825 381 863 Tristia
414 824 608 864 Leucadio
642 837 749 866 sacra
782 831 937 876 peracta
972 826 1110 877 modo,

180 883 293 921 Illum
326 885 557 922 stramineos
590 886 628 921 in
663 896 800 934 aquam
833 886 985 922 misisse
1020 884 1218 935 Quirites,

238 941 419 980 Herculis
451 942 628 993 exemplo
662 954 825 993 corpora
859 942 950 980 falsa
984 944 1079 980 iaci.

180 1000 295 1049 [Pars
326 1006 466 1051 putat,
498 1006 543 1039 ut
574 1001 725 1039 ferrent
756 1002 918 1039 iuvenes
951 1002 1133 1051 suffragia
1166 1000 1260 1050 soli,

238 1058 427 1097 Pontibus
459 1060 635 1097 infirmos
667 1060 945 1110 praecipitasse
979 1071 1093 1097 senes
1109 1058 1135 1108 .]

93 1124 158 1155 635
180 1117 354 1168 Thybri,
387 1118 482 1156 doce
517 1117 680 1156 verum!
721 1124 788 1156 tua
821 1119 902 1169 ripa
935 1119 1126 1157 vetustior
1158 1117 1262 1156 Urbe
1296 1123 1378 1169 est,

238 1176 480 1226 Principium
514 1178 613 1214 ritus
646 1182 688 1214 tu
721 1176 820 1215 bene
854 1189 969 1215 nosse
1002 1182 1135 1228 potes.

181 1234 349 1285 Thybris
381 1234 678 1273 harundiferum
711 1235 839 1273 medio
873 1241 989 1286 caput
1021 1234 1160 1273 extulit
1192 1234 1298 1272 alveo

239 1293 446 1344 Raucaque
481 1293 641 1332 dimovit
673 1293 815 1332 talibus
847 1305 913 1332 ora
947 1294 1070 1332 sonis:

182 1348 306 1390 ‘Haec
338 1352 420 1390 loca
454 1351 629 1390 desertas
661 1352 739 1390 vidi
772 1354 854 1390 sine
889 1352 1092 1391 moenibus
1124 1351 1289 1390 herbas:

93 1419 159 1448 610
239 1410 427 1449 Pascebat
458 1423 613 1461 sparsas
646 1418 810 1461 utraque
845 1413 927 1461 ripa
960 1410 1101 1449 boves.

180 1468 230 1507 Et
261 1482 378 1520 quem
412 1482 514 1508 nunc
541 1475 677 1520 gentes
703 1469 875 1507 Tiberim
903 1475 1127 1520 noruntque
1160 1470 1402 1520 timentque,

239 1527 350 1566 Tunc
384 1530 498 1566 etiam
532 1530 665 1578 pecori
698 1528 973 1578 despiciendus
1006 1540 1133 1566 eram.

180 1586 340 1625 Arcadis
372 1586 542 1624 Evandri
574 1599 715 1625 nomen
749 1587 819 1625 tibi
852 1599 966 1638 saepe
1000 1587 1196 1626 refertur:

240 1645 307 1683 Ille
341 1657 446 1683 meas
478 1647 597 1683 remis
630 1646 775 1684 advena
809 1647 922 1684 torsit
954 1657 1096 1696 aquas.

94 1711 160 1742 645
184 1703 295 1742 Venit
327 1710 366 1742 et
397 1704 580 1752 Alcides,
613 1704 728 1743 turba
761 1706 967 1743 comitatus
1001 1704 1166 1742 Achiva.

240 1762 406 1814 Albula,
439 1764 471 1801 si
504 1764 692 1814 memini,
724 1768 818 1801 tunc
850 1763 946 1801 mihi
978 1775 1120 1801 nomen
1154 1768 1260 1801 erat.

184 1820 355 1872 [Excipit
385 1822 555 1871 hospitio
588 1823 767 1860 iuvenem
800 1822 1013 1860 Pallantius
1045 1821 1191 1872 heros,

241 1879 289 1918 Et
321 1880 476 1918 tandem
510 1880 609 1918 Caco
642 1880 770 1919 debita
805 1893 927 1931 poena
961 1882 1105 1926 venit]

181 1938 312 1976 Victor
346 1938 454 1989 abit,
487 1951 700 1989 secumque
734 1939 880 1990 boves,
914 1938 1123 1989 Erytheida
1156 1937 1362 1990 praedam,

94 2005 159 2035 650
242 1996 471 2035 Abstrahit:
515 2003 553 2035 at
585 1999 746 2035 comites
778 1997 931 2047 longius
963 1999 1021 2035 ire
1053 2003 1218 2046 negant.

181 2055 396 2105 Magnaque
428 2067 519 2105 pars
551 2055 691 2093 horum
726 2056 891 2094 desertis
926 2060 1084 2093 venerat
1115 2056 1252 2106 Argis,

239 2113 437 2152 Montibus
468 2113 530 2151 his
561 2118 712 2164 ponunt
738 2126 926 2165 spemque
959 2114 1159 2164 laremque
1193 2125 1330 2153 suum.

183 2171 305 2224 Saepe
338 2179 467 2211 tamen
500 2174 646 2223 patriae
680 2172 785 2211 dulci
816 2178 1031 2223 tanguntur
1064 2184 1218 2224 amore,

240 2233 365 2281 Atque
399 2231 539 2282 aliquis
571 2233 743 2269 moriens
776 2231 849 2270 hoc
882 2232 1000 2270 breve
1033 2231 1188 2269 mandat
1220 2243 1342 2282 opus:

95 2297 160 2328 655
183 2286 360 2328 “Mittite
392 2302 453 2328 me
487 2289 648 2328 Tiberi:
693 2289 888 2328 Tiberinis
922 2296 1056 2329 vectus
1088 2292 1126 2328 in
1161 2290 1275 2328 undis

240 2347 351 2386 Litus
383 2348 429 2387 ad
463 2348 661 2387 Inachium
694 2349 821 2400 pulvis
853 2350 979 2387 inanis
1011 2344 1153 2387 eam.''
