1570 2527
166 126 251 168 294
701 126 959 159 FAs‘roRuM

197 244 264 275 355
286 233 417 280 ‘Quod
449 235 549 273 bene
581 235 742 272 mutarit
773 234 904 273 sedem
936 231 1209 287 Berecyntia‚'
1241 235 1338 274 dixit

344 290 530 344 ‘Captant
561 294 719 331 mutatis
751 292 909 331 sedibus
941 305 1054 331 omen
1085 290 1232 332 idem.'

284 351 534 402 Institeram,
567 362 686 401 quare
718 352 834 401 primi
864 350 1096 402 Megalensia
1126 351 1208 390 ludi

342 409 446 447 Urbe
479 410 607 447 forent
643 416 806 448 nostra:
850 421 939 448 cum
977 409 1047 447 dea
1077 431 1123 436 —
1155 411 1278 448 sensit
1316 410 1419 449 enim
1452 431 1496 437 —

286 464 371 506 ‘Illa
403 464 516 506 deos'
550 469 677 518 inquit
709 464 909 518 ‘peperit.
967 479 1120 506 cessere
1151 469 1326 519 parenti,

198 535 264 565 360
342 525 662 576 Principiumque
695 525 773 564 dati
804 525 926 564 Mater
957 525 1117 564 honoris
1147 522 1310 564 habet.'

286 581 385 623 ‘Cur
417 585 535 634 igitur
567 583 722 633 Gallos,
755 585 822 634 qui
854 596 895 622 se
927 583 1137 635 excidere,
1169 595 1374 636 vocamus,

344 641 440 680 Cum
473 648 579 680 tanto
611 641 776 692 Phrygia
809 641 951 680 Gallica
983 642 1100 681 distet
1130 642 1272 681 humus
1285 639 1327 681 ‘?'

287 697 435 739 eInter'
468 702 520 739 ait
553 698 736 738 “viridem
769 700 937 751 Cybelen
969 700 1143 751 altasque
1176 700 1360 740 Celaenas

344 759 479 796 Amnis
511 760 541 796 it
572 759 735 810 insana,
768 760 924 797 nomine
956 758 1086 798 Gallus
1105 790 1116 811 ,
1149 771 1270 810 aqua.

199 825 265 857 365
287 816 362 862 Qui
393 816 492 855 bibit
522 816 641 868 inde,
673 817 797 856 furit:
839 817 977 868 procul
1008 817 1099 856 hinc
1134 817 1350 869 discedite,
1383 819 1470 868 quis

1012 882 1071 914 est

345 935 445 973 Cura
476 934 601 973 bonae
633 935 803 977 mentis:
849 936 917 984 qui
948 933 1045 972 bibit
1076 933 1195 985 inde,
1227 931 1366 973 surit.'

289 990 395 1031 ‘Non
427 993 545 1043 pudet
578 989 812 1030 herbosum'
845 992 924 1030 dixi
957 988 1156 1042 eposuisse
1187 997 1383 1031 moretum

344 1051 387 1089 In
420 1051 597 1089 dominae
631 1052 802 1088 mensis.
859 1062 907 1088 an
940 1062 1008 1088 sua
1040 1062 1155 1088 causa
1187 1047 1377 1089 subest?'

287 1107 423 1148 ‘Lacte
456 1121 563 1147 mero
598 1114 748 1147 veteres
781 1110 842 1146 usi
874 1113 1139 1146 memorantur
1170 1113 1210 1146 et
1240 1108 1396 1160 herbis,

199 1177 267 1208 370
347 1168 493 1217 Sponte
526 1178 593 1205 sua
627 1168 757 1217 siquas
790 1171 894 1204 terra
927 1163 1096 1204 serebat'
1129 1167 1203 1205 ait.

288 1224 504 1264 ‘Candidus
537 1225 653 1263 elisae
685 1226 873 1263 miscetur
905 1236 1042 1263 caseus
1073 1224 1240 1276 herbae,

347 1283 561 1334 Cognoscat
593 1284 743 1333 priscos
776 1289 819 1321 ut
851 1282 920 1321 dea
952 1284 1079 1333 prisca
1112 1279 1264 1321 cibos.'

621 1374 658 1414 ὃ.
692 1372 728 1414 G
759 1372 894 1415 NON
918 1385 1048 1414 LVDI

286 1458 446 1497 Postera
478 1470 566 1496 cum
600 1457 705 1496 caelo
738 1459 853 1496 motis
884 1456 1089 1495 Pallantias
1121 1458 1236 1496 astris

345 1516 516 1555 Fulserit
533 1547 543 1567 ‚
577 1522 616 1554 et
646 1517 778 1554 niveos
810 1515 918 1554 Luna
950 1515 1086 1553 levarit
1118 1527 1262 1567 equos,

199 1584 266 1615 375
289 1575 364 1621 Qui
396 1575 499 1613 dicet
531 1571 748 1625 ‘quondam
781 1580 929 1612 sacrata
963 1578 1022 1612 est
1048 1572 1144 1612 colle
1177 1573 1331 1619 Quirini

344 1632 424 1671 Hac
456 1632 628 1671 Fortuna
661 1633 722 1671 die
754 1629 955 1682 Publica’‚
987 1643 1103 1670 verus
1136 1633 1231 1670 erit.

173 1725 208 1765 6.
235 1723 276 1764 Η
296 1722 356 1763 N³
376 1735 505 1764 Lvm
550 1724 586 1764 7.
613 1722 842 1763 ANLVDI
893 1722 1181 1764 8.BNLVD1
1218 1722 1502 1765 9.CN1,vn1

288 1806 418 1845 Tertia
449 1806 515 1844 lux
539 1828 585 1833 -
612 1807 770 1844 memini
795 1827 838 1832 —
865 1805 967 1844 ludis
1000 1811 1110 1856 erat,
1144 1817 1187 1844 ac
1219 1806 1314 1844 mihi
1345 1806 1501 1857 quidam

350 1865 551 1915 Spectanti
584 1866 713 1902 senior
745 1865 1032 1914 continuusque
1064 1863 1150 1901 loco

291 1919 435 1961 ‘Haec'
468 1924 521 1961 ait
553 1920 635 1960 eilla
668 1922 779 1973 dies,
812 1921 966 1973 Libycis
1000 1934 1074 1973 qua
1106 1921 1247 1960 Caesar
1279 1923 1319 1960 in
1352 1924 1431 1961 oris

201 1990 267 2021 380
347 1981 499 2019 Perfida
531 1982 765 2032 magnanimi
797 1980 974 2019 contudit
1006 1992 1111 2018 arma
1142 1979 1281 2019 Iubae.

288 2039 374 2078 Dux
405 2039 500 2077 mihi
532 2039 672 2078 Caesar
705 2045 815 2090 erat,
849 2038 921 2077 sub
955 2051 1030 2088 quo
1062 2040 1252 2077 meruisse
1286 2037 1468 2077 tribunus

349 2097 531 2136 Glorior:
576 2098 702 2136 officio
735 2097 905 2148 praefuit
936 2097 998 2135 ille
1031 2109 1140 2135 meo.

289 2155 396 2194 Hanc
429 2168 499 2206 ego
533 2155 666 2193 militia
699 2155 859 2208 sedem,
891 2161 933 2193 tu
966 2167 1059 2206 pace
1091 2156 1257 2207 parasti,

347 2214 454 2252 Inter
486 2213 546 2251 bis
578 2215 718 2264 quinos
751 2225 846 2252 usus
878 2213 1026 2251 honore
1061 2209 1214 2251 Viros.'

199 2279 268 2310 335
290 2271 406 2310 Plura
438 2271 609 2310 locuturi
640 2271 769 2310 subito
802 2271 1028 2310 seducimur
1059 2270 1206 2309 imbre.

347 2329 520 2368 Pendula
553 2329 731 2368 caelestis
763 2329 879 2368 Libra
911 2328 1088 2368 movebat
1119 2340 1264 2380 aquas.
