1570 2527
553 123 580 155 I.
607 130 652 156 VI
672 125 802 157 3—vn
822 124 877 156 35.
1331 120 1385 161 15

661 254 763 302 VII.

161 348 292 399 Siquis
324 347 444 387 habes
476 349 622 387 nostris
656 347 803 387 similes
835 349 875 387 in
906 349 1074 399 imagine
1106 347 1262 398 vultus,

160 407 280 445 Deme
312 409 410 446 meis
442 407 607 446 hederas
627 439 638 458 ‚
670 406 860 445 Bacchica
892 413 996 447 serta
1016 438 1026 458 ,
1064 408 1210 446 comis.

159 465 236 504 Ista
269 465 411 504 decent
442 465 564 504 laetos
596 465 723 504 felicia
755 466 864 516 signa
896 470 1055 516 poetas:

161 524 423 575 Temporibus
456 536 534 562 non
567 530 627 563 est
659 529 747 575 apta
780 536 925 562 corona
957 525 1076 562 meis.

120 590 140 622 5
161 581 243 621 Hoc
276 582 348 621 tibi
380 582 582 621 dissimula
602 614 612 634 ,
644 584 746 621 senti
777 587 937 633 tamen,
970 583 1116 634 optime
1135 612 1145 631 ,
1178 582 1277 634 dici,

162 641 205 679 ln
238 641 357 692 digito
390 643 458 692 qui
490 653 551 679 me
584 642 743 691 fersque
776 641 980 692 refersque
1014 647 1105 693 tuo,

161 699 420 750 Effigiemque
453 711 578 738 meam
611 699 715 738 fulvo
749 699 975 750 complexus
1007 701 1047 738 in
1080 711 1174 738 auro

163 757 260 796 Cara
292 757 482 809 relegati,
515 769 614 808 quae
647 763 758 808 potes
779 788 789 808 ,
822 769 889 795 ora
921 758 1050 796 vides.

163 815 270 862 Quae
303 817 485 867 quotiens
517 821 672 867 spectas
692 846 703 867 ,
735 814 873 854 subeat
905 815 977 854 tibi
1008 815 1140 854 dicere
1173 816 1305 855 forsan

101 883 144 914 10
165 872 305 920 ‘Quam
337 874 475 925 procul
508 886 527 913 a
560 874 673 913 nobis
705 873 808 912 Naso
836 873 978 913 sodalis
1010 873 1120 912 abest
1134 870 1158 912 i'

105 981 107 983 ,
163 932 280 972 Grata
311 938 377 972 tua
410 939 470 972 est
500 934 654 983 pietas.
712 932 779 971 sed
814 934 985 971 carmina
1017 934 1141 971 maior
1173 934 1299 984 imago

165 991 265 1031 Sunt
296 1003 382 1031 mea
401 1023 412 1043 ‚
444 1004 543 1043 quae
576 991 716 1030 mando
751 991 1049 1042 qualiacumque
1083 991 1211 1045 legas,

164 1050 343 1090 Carmina
375 1056 543 1089 mutatas
575 1050 779 1089 hominum
811 1049 981 1089 dicentia
1013 1050 1182 1103 formas,

164 1109 303 1147 Infelix
336 1108 483 1148 domini
515 1109 619 1160 quod
652 1108 742 1160 fuga
773 1110 881 1160 rupit
912 1120 1033 1160 opus.

101 1176 143 1206 15
165 1167 269 1206 Haec
301 1179 372 1219 ego
405 1167 610 1206 discedens
630 1199 640 1219 ,
673 1168 776 1207 sicut
807 1167 908 1206 bene
940 1167 1061 1206 multa
1094 1179 1296 1219 meorum,

165 1226 252 1277 Ipse
280 1238 364 1264 mea
396 1227 511 1277 posui
542 1231 715 1265 maestus
746 1227 786 1264 in
819 1227 908 1277 igne
942 1238 1082 1264 manu.

165 1284 293 1335 thue
326 1296 521 1323 cremasse
555 1296 669 1324 suum
702 1284 829 1323 fertur
861 1284 934 1324 sub
971 1286 1104 1335 stipite
1136 1289 1270 1324 natum

165 1342 344 1382 Thestias
377 1348 416 1382 et
447 1343 585 1382 melior
618 1349 741 1382 matre
774 1343 895 1382 fuisse
929 1355 1065 1395 soror,

168 1401 231 1440 Sic
264 1413 335 1452 ego
368 1414 447 1441 non
479 1403 641 1441 meritos
674 1413 828 1440 mecum
861 1403 1036 1452 peritura
1068 1400 1218 1440 libellos

102 1469 145 1499 20
179 1459 352 1511 Imposui
383 1460 529 1510 rapidis
562 1462 712 1498 viscera
743 1465 877 1498 nostra
910 1461 1039 1510 rogis:

166 1517 235 1556 Vel
268 1518 370 1569 quod
404 1530 511 1556 eram
542 1518 673 1557 Musas
692 1549 702 1569 ‚
735 1523 780 1557 ut
811 1519 975 1557 crimina
1006 1522 1170 1570 nostra,
1201 1529 1392 1571 perosu5‚

167 1575 236 1615 Vel
268 1576 371 1628 quod
404 1576 534 1618 adhuc
563 1588 746 1615 crescens
779 1582 818 1615 et
850 1576 947 1615 rude
980 1589 1138 1615 carmen
1172 1582 1280 1616 erat.

169 1635 276 1681 Quae
297 1636 480 1686 quoniam
500 1647 578 1674 non
599 1641 691 1674 sunt
710 1636 868 1686 penitus
890 1634 1061 1687 sublata,
1082 1634 1149 1674 sed
1172 1641 1323 1684 extant,
1339 1657 1388 1664 —

168 1693 351 1733 Pluribus
385 1693 572 1745 exemplis
605 1694 751 1744 scripta
784 1693 905 1732 fuisse
938 1706 1029 1732 reor
1059 1716 1107 1721 —

104 1761 147 1792 25
168 1752 281 1792 Nunc
312 1764 454 1803 precor
472 1783 484 1805 ,
515 1757 560 1791 ut
590 1753 720 1791 vivant
753 1757 792 1791 et
822 1764 902 1791 non
933 1754 1070 1803 ignava
1100 1752 1296 1804 legentem

168 1810 255 1850 Otia
287 1811 483 1851 delectent
514 1810 826 1862 admoneantque
859 1812 958 1850 mei.

169 1869 249 1909 Nec
281 1874 411 1909 tamen
443 1869 507 1908 illa
538 1869 615 1920 legi
646 1874 833 1921 poterunt
864 1871 1058 1921 patienter
1090 1869 1136 1909 ab
1169 1870 1272 1922 ullo,

168 1928 328 1967 Nesciet
358 1929 420 1967 his
453 1940 644 1967 summam
677 1929 801 1980 siquis
834 1927 970 1968 abesse
1003 1940 1184 1968 manum.

169 1987 349 2026 Ablatum
382 1987 520 2026 mediis
552 1999 651 2039 opus
684 1993 743 2026 est
774 1987 984 2026 incudibus
1016 1986 1135 2039 illud,

105 2054 148 2085 30
170 2045 301 2084 Defuit
334 2051 372 2084 et
405 2047 562 2097 scriptis
593 2045 729 2085 ultima
760 2045 850 2084 lima
883 2047 1002 2084 meis.

169 2104 219 2143 Et
250 2106 402 2143 veniam
434 2116 504 2155 pro
531 2104 644 2143 laude
676 2109 766 2156 peto
786 2135 797 2156 ,
829 2104 1007 2143 laudatus
1040 2102 1219 2156 abunde,

169 2163 255 2202 Non
288 2163 483 2202 fastiditus
516 2165 549 2202 si
581 2162 652 2202 tibi
670 2195 681 2215 ‚
712 2163 836 2202 lector
855 2195 866 2216 ‚
899 2175 990 2202 ero,

170 2221 251 2261 Hos
284 2234 440 2273 quoque
474 2234 543 2260 sex
574 2234 741 2274 versus,
774 2223 813 2260 in
846 2223 962 2273 primi
994 2221 1122 2261 fronte
1154 2220 1276 2260 libelli

173 2280 214 2319 Si
245 2281 543 2332 praeponendos
576 2293 662 2320 esse
695 2279 850 2331 putabis
869 2312 880 2332 ‚
911 2279 1033 2320 habe:

107 2347 151 2378 35
173 2336 295 2378 ‘Orba
325 2346 488 2390 parente
522 2351 592 2378 suo
626 2341 864 2390 quicumque
900 2338 1093 2379 volumina
1125 2339 1275 2390 tangis,
