1570 2527
556 145 602 179 11.
628 153 695 178 m1
716 147 836 178 21—v
858 147 912 179 57.
1319 144 1403 186 153

182 253 423 304 Ingenioque
454 265 542 292 meo
562 285 573 305 ‚
604 265 702 292 vena
735 253 838 304 quod
870 265 1042 304 paupere
1073 259 1228 305 manat,

239 311 397 350 Plaudis
415 342 426 362 ,
460 317 499 350 et
530 324 550 350 e
583 313 666 351 rivo
698 311 860 350 flumina
891 323 1028 362 inagna
1061 311 1181 351 facis.

181 370 299 409 Grata
330 370 488 421 quidem
521 376 614 409 sunt
644 370 741 409 haec
773 372 900 409 animo
934 371 1116 421 suffragia
1147 375 1306 421 nostro,

238 427 310 467 Vix
344 428 418 467 sihi
450 441 540 467 cum
571 430 737 468 miseros
768 441 883 480 posse
914 428 1069 480 placere
1101 435 1239 480 putas.

117 494 160 526 25
181 487 282 526 Dum
314 492 445 526 tamen
476 488 517 526 in
549 487 669 526 rebus
702 493 938 539 temptamus
972 489 1142 526 carmina
1174 488 1327 539 parvis,

240 545 423 584 Materiae
457 546 593 596 gracili
624 546 770 585 sufficit
800 548 1025 597 ingenium:

179 603 344 656 Nuper,
375 609 420 643 ut
451 604 529 643 huc
560 607 689 655 magni
719 606 899 656 pervenit
931 605 1030 643 fama
1063 603 1275 656 triumphi,

240 663 370 701 Ausus
402 675 490 701 sum
522 669 650 702 tantae
683 675 840 702 sumere
872 663 985 701 molis
1018 675 1138 714 opus.

181 720 324 760 Obruit
355 721 564 760 audentem
595 734 728 761 rerum
761 723 1008 772 gravitasque
1041 724 1249 773 nitorque,

116 788 160 818 30
240 779 321 818 Nec
352 782 464 830 potui
496 781 624 831 coepti
655 780 829 830 pondera
861 781 965 818 ferre
998 781 1097 818 mei.

180 837 263 876 Illic
297 849 413 888 quam
445 837 608 890 laudes,
642 840 717 876 erit
748 838 922 876 officiosa
953 837 1156 877 voluntas:

244 895 382 935 Cetera
413 898 577 935 materia
609 895 808 935 debilitata
839 898 990 935 iacent.

181 954 257 1000 Qui
290 956 323 993 si
354 955 455 994 sorte
487 954 586 993 liber
619 961 769 994 vestras
800 956 981 1006 pervenit
1012 954 1058 992 ad
1091 966 1230 1005 aures,

239 1012 418 1052 Tutelam
437 1045 448 1065 ,
480 1013 621 1052 mando
640 1045 651 1065 ,
684 1015 826 1052 sentiat
857 1013 921 1053 ille
954 1019 1081 1052 tuam.

116 1079 159 1110 35
180 1071 263 1110 Hoc
295 1071 367 1111 tibi
399 1072 550 1111 facturo
569 1104 580 1124 ‚
612 1072 673 1111 vel
705 1074 738 1111 si
769 1084 848 1111 non
879 1074 963 1124 ipse
995 1083 1200 1123 rogarem,

238 1130 410 1169 Accedat
441 1130 622 1169 cumulus
654 1132 777 1182 gratia
808 1137 942 1170 nostra
974 1130 1093 1169 levis.

180 1187 267 1227 Non
301 1201 372 1240 ego
403 1188 647 1240 laudandus,
680 1189 747 1228 sed
781 1196 873 1228 sunt
904 1196 970 1228 tua
1001 1195 1187 1240 pectora,
1220 1187 1319 1227 lacte
1347 1197 1403 1229 (54)

239 1246 290 1286 Et
320 1259 398 1286 non
431 1247 576 1286 calcata
609 1248 833 1286 candidiora
864 1249 974 1286 nive:

181 1304 415 1356 Mirarisque
448 1306 544 1345 alios
563 1337 574 1358 ,
607 1319 696 1345 cum
729 1308 782 1345 sis
813 1305 1003 1344 mirabilis
1035 1307 1145 1357 ipse,

115 1372 160 1403 40
240 1364 321 1403 Nec
353 1364 498 1404 lateant
529 1370 634 1404 artes
666 1364 944 1416 eloquiumque
976 1370 1112 1404 tuum.

182 1422 238 1462 Te
270 1425 456 1462 iuvenum
488 1425 672 1475 princeps
692 1454 703 1474 ,
735 1425 799 1462 cui
831 1423 896 1462 dat
929 1423 1136 1461 Germania
1167 1433 1333 1474 nomen,

239 1480 474 1533 Participem
508 1481 628 1521 studii
659 1481 801 1521 Caesar
832 1481 977 1520 hahere
1011 1481 1132 1520 solet.

183 1539 242 1579 Tu
276 1552 408 1578 comes
441 1542 657 1591 antiquus,
690 1547 732 1579 tu
764 1542 902 1591 primis
934 1541 1093 1579 iunctus
1124 1539 1171 1578 ab
1205 1540 1316 1578 annis

242 1597 402 1649 Ingenio
435 1611 564 1637 mores
597 1600 876 1650 aequiperante
908 1598 1060 1649 places.

116 1664 160 1696 45
181 1656 236 1695 Te
270 1657 423 1696 dicente
456 1659 567 1708 prius
604 1658 647 1696 fit
678 1659 859 1708 protinus
890 1658 1061 1707 impetus
1092 1656 1169 1695 illi:

243 1714 378 1766 Teque
410 1715 556 1767 habet,
590 1715 721 1754 elicias
754 1717 821 1766 qui
854 1728 922 1754 sua
955 1715 1071 1754 verba
1103 1716 1204 1753 tuis.

183 1773 279 1813 Cum
311 1780 355 1812 tu
387 1774 523 1813 desisti
554 1774 811 1825 mortaliaque
843 1786 910 1812 ora
943 1775 1158 1825 quierunt,

241 1832 438 1884 Tectaque
472 1845 549 1872 non
582 1833 695 1884 longa
728 1835 954 1872 conticuere
986 1844 1121 1883 mora,

185 1890 320 1942 Surgit
352 1891 458 1930 Iuleo
490 1893 643 1930 iuvenis
675 1893 905 1943 cognomine
939 1891 1104 1942 dignm,

116 1957 160 1988 50
241 1949 374 1995 Qualis
407 1949 454 1988 ab
487 1952 568 1989 eois
601 1950 741 1989 lucifer
773 1956 884 1989 ortus
917 1951 1050 2001 aquis.

182 2007 362 2059 Dumque
396 2008 515 2047 silens
547 2009 702 2060 adstat,
740 2014 865 2047 status
904 2014 964 2047 est
1001 2007 1210 2058 vultusque
1244 2006 1405 2059 diserti,

243 2066 439 2117 Spemque
474 2067 618 2106 decens
650 2067 785 2106 doctae
818 2068 924 2105 vocis
957 2067 1122 2104 amictus
1154 2065 1293 2105 habet.

185 2124 272 2163 Mox
292 2156 303 2177 ,
335 2124 402 2164 ubi
435 2125 546 2176 pulsa
572 2138 679 2164 mora
706 2131 766 2164 est
792 2131 908 2176 atque
941 2136 984 2162 os
1011 2123 1177 2162 caeleste
1210 2123 1404 2176 solutum,

242 2183 326 2222 Hoc
359 2195 524 2234 superos
556 2185 663 2223 iures
695 2196 804 2223 more
838 2183 963 2222 solere
996 2182 1126 2234 loqui,

123 2248 166 2281 55
187 2242 313 2292 Atque
347 2239 464 2281 ‘haec
496 2240 576 2282 est'
609 2243 715 2281 dicas
749 2239 949 2280 ‘facundia
981 2242 1159 2292 principe
1192 2241 1346 2292 digna':

240 2299 406 2351 Eloquio
438 2307 590 2340 tantum
622 2300 836 2339 nobilitatis
867 2301 992 2338 inest.

183 2357 284 2397 Huic
315 2364 359 2397 tu
392 2371 481 2398 cum
513 2359 666 2411 placeas
699 2365 737 2398 et
767 2359 914 2397 vertice
947 2358 1074 2397 sidera
1105 2364 1263 2410 tangas,
