1570 2527
109 118 193 159 206
649 116 712 148 EX
738 115 894 148 PONTo

226 228 358 278 Teque
386 238 520 265 canam
547 236 792 276 quacumque
819 229 909 262 nota
929 254 937 262 .
987 223 1057 261 tibi
1090 223 1260 261 carmina
1293 222 1440 260 mittam

162 295 206 325 20
285 286 412 324 Paene
444 284 538 322 mihi
570 295 692 334 puero
726 284 878 333 cognite
911 294 1033 333 paene
1065 294 1186 332 puer,

225 345 377 395 Perque
418 348 474 381 tot
512 353 703 380 annorum
741 343 911 392 seriem,
951 346 1045 390 quot
1082 339 1269 378 habemus

954 405 1119 449 uterque
1132 429 1143 450 ,
1368 405 1442 439 (136)

285 459 369 498 Non
403 459 526 510 mihi,
560 471 674 510 quam
708 459 818 497 fratri
851 458 999 508 frater,
1033 462 1156 495 amate
1190 458 1340 495 minus.

225 518 284 557 Tu
317 518 443 557 bonus
475 518 680 569 hortator,
712 522 754 555 tu
787 517 944 567 duxque
977 527 1185 566 comesque
1218 515 1348 567 fuisti,

285 576 382 616 Cum
415 588 593 627 regerem
625 581 759 614 tenera
793 575 901 613 frena
934 573 1082 612 novella
1115 585 1253 612 manu.

163 645 204 675 25
227 635 349 686 Saepe
382 647 453 686 ego
487 636 641 673 correxi
672 633 745 672 suh
778 638 815 672 te
849 645 1010 672 censore
1044 631 1216 670 libellos:

286 694 409 745 Saepe
442 693 513 732 tibi
545 693 744 731 admonitu
777 692 875 730 facta
907 692 1024 730 litura
1056 703 1142 729 meo
1175 694 1257 742 est,

224 752 386 804 Dignam
419 752 604 791 Maeoniis
637 751 849 789 Phaeacida
881 750 1049 789 condere
1082 749 1227 788 chartis

285 811 383 850 Cum
414 817 452 850 te
484 810 660 849 Pierides
693 809 935 860 perdocuere
969 816 1079 847 tuae.

226 869 298 908 Hic
330 876 472 919 tenor,
505 869 599 907 haec
632 868 744 906 viridi
778 868 987 906 concordia
1019 871 1155 917 coepta
1186 867 1342 904 iuventa

163 937 206 968 30
287 927 400 967 Venit
432 928 477 966 ad
511 927 685 966 albentes
717 926 946 965 inlabefacta
979 937 1131 964 comas.

226 987 333 1032 Quae
366 988 439 1029 nisi
474 992 511 1024 te
544 990 751 1036 moveant,
784 985 882 1023 duro
914 984 985 1022 tibi
1017 989 1176 1034 pectora
1209 983 1312 1021 ferro

285 1045 380 1084 Esse
400 1077 410 1097 ,
444 1045 503 1083 vel
533 1046 675 1083 invicto
710 1044 837 1082 clausa
871 1043 1071 1081 adamante
1103 1047 1259 1092 putem.

227 1103 302 1142 Sed
335 1106 445 1154 prius
478 1103 568 1141 huic
601 1103 730 1141 desint
761 1109 799 1140 et
831 1101 976 1140 bellum
1009 1106 1048 1139 et
1080 1101 1223 1151 frigora
1256 1105 1408 1151 terrae,

217 1200 219 1203 ,
285 1163 436 1200 Invisus
470 1161 581 1200 nobis
615 1173 712 1211 quae
746 1160 821 1198 duo
854 1160 1003 1198 Pontus
1035 1158 1174 1210 habet3

162 1229 205 1260 35
226 1221 275 1260 Et
306 1221 461 1271 tepidus
494 1220 632 1258 boreas
665 1225 703 1257 et
735 1220 784 1257 sit
816 1218 1076 1269 praefrigidus
1109 1224 1268 1269 auster,

285 1278 334 1317 Et
366 1280 490 1329 possit
521 1278 642 1316 fatum
675 1277 827 1315 mollius
861 1289 946 1315 esse
979 1288 1133 1328 meum,

226 1338 349 1383 Quam
382 1344 447 1376 tua
479 1338 556 1375 sint
589 1337 695 1386 lapso
728 1335 955 1386 praecordia
988 1335 1083 1373 dura
1117 1333 1262 1374 sodali.

285 1396 356 1434 Hic
391 1395 570 1434 cumulus
603 1396 749 1433 nostris
782 1394 882 1432 absit
915 1393 1101 1443 abestque
1135 1392 1265 1431 malis.

226 1454 285 1493 Tu
317 1454 430 1493 modo
463 1466 533 1504 per
565 1465 758 1504 superos,
793 1464 960 1504 quorum
993 1453 1236 1490 certissimus
1267 1450 1330 1489 ille
1364 1456 1442 1501 est,

162 1521 206 1552 40
287 1513 372 1558 Quo
405 1520 496 1551 tuus
529 1513 682 1551 assidue
715 1513 892 1562 principe
926 1511 1048 1549 crevit
1079 1510 1226 1557 honor,

226 1571 347 1610 Effice
381 1573 575 1610 constanti
607 1571 814 1622 profugum
847 1572 990 1621 pietate
1023 1568 1193 1620 tuendo,

285 1630 341 1668 Ne
376 1636 528 1681 sperata
561 1641 685 1667 meam
718 1629 872 1667 deserat
904 1640 996 1667 aura
1028 1632 1173 1666 ratem.

229 1688 329 1734 Quid
363 1688 568 1739 mandem,
602 1689 757 1738 quaeris
777 1685 798 1725 ⁴?
839 1698 1023 1738 peream,
1057 1688 1132 1724 nisi
1164 1685 1293 1724 dicere

955 1747 1015 1783 vix
1048 1750 1108 1782 est
1140 1766 1182 1770 —
1369 1751 1444 1783 (137)

288 1805 329 1844 Si
360 1805 474 1843 modo
494 1835 504 1855 ,
538 1806 604 1855 qui
636 1805 781 1855 periit,
814 1803 877 1842 ille
909 1804 1039 1853 perire
1071 1807 1222 1853 potest.

163 1872 206 1903 45
229 1863 331 1915 Nec,
359 1864 451 1914 quid
478 1875 610 1914 agam,
642 1863 821 1912 invenio,
849 1873 919 1899 nec
947 1860 1038 1911 quid
1066 1860 1232 1898 nolimve
1261 1859 1442 1912 velimve,

286 1922 366 1961 Nec
399 1923 491 1960 satis
524 1921 670 1960 utilitas
704 1926 763 1958 est
794 1919 888 1957 mihi
921 1922 1011 1957 nota
1044 1931 1150 1957 mea.

229 1980 352 2019 Crede
384 1980 508 2032 mihi,
540 1981 704 2018 miseros
736 1979 941 2029 prudentia
974 1979 1097 2028 prima
1130 1976 1338 2029 relinquit,

287 2039 336 2078 Et
368 2051 507 2078 sensus
540 2051 629 2077 cum
661 2050 703 2076 re
736 2037 1020 2087 consiliumque
1054 2036 1173 2087 fugit.

228 2098 338 2150 Ipse,
370 2110 535 2149 precor,
563 2108 748 2148 quaeras,
781 2107 854 2146 qua
887 2097 959 2138 sim
992 2094 1062 2133 tihi
1089 2101 1197 2145 parte
1229 2093 1443 2139 invandus,

164 2166 207 2196 50
288 2156 452 2207 Quoque
485 2157 584 2194 viam
617 2156 733 2194 facias
766 2154 812 2193 ad
844 2166 927 2192 mea
960 2160 1046 2192 vota
1081 2152 1196 2191 vado.
