<?xml version="1.0" encoding="UTF-8"?>
<!DOCTYPE html PUBLIC "-//W3C//DTD XHTML 1.0 Transitional//EN"
    "http://www.w3.org/TR/xhtml1/DTD/xhtml1-transitional.dtd">
<html xmlns="http://www.w3.org/1999/xhtml" xml:lang="en" lang="en">
 <head>
  <title>
</title>
<meta http-equiv="Content-Type" content="text/html;charset=utf-8" />
  <meta name='ocr-system' content='tesseract 3.04.00' />
  <meta name='ocr-capabilities' content='ocr_page ocr_carea ocr_par ocr_line ocrx_word'/>
</head>
<body>
  <div class='ocr_page' id='page_1' title='image "./ovidopera03oviduoft_0039.png"; bbox 0 0 1570 2527; ppageno 0'>
   <div class='ocr_carea' id='block_1_1' title="bbox 1274 81 1395 116">
    <p class='ocr_par' dir='ltr' id='par_1_1' title="bbox 1274 81 1395 116">
     <span class='ocr_line' id='line_1_1' title="bbox 1274 81 1395 116; baseline -0.008 0"><span class='ocrx_word' id='word_1_1' title='bbox 1274 81 1395 116; x_wconf 87' lang='lat' dir='ltr'>XXXI</span> 
     </span>
    </p>
   </div>
   <div class='ocr_carea' id='block_1_2' title="bbox 14 192 1408 2000">
    <p class='ocr_par' dir='ltr' id='par_1_2' title="bbox 56 192 1397 301">
     <span class='ocr_line' id='line_1_2' title="bbox 56 192 1397 244; baseline -0.002 -12"><span class='ocrx_word' id='word_1_2' title='bbox 56 207 223 244; x_wconf 89' lang='lat' dir='ltr'>quarum</span> <span class='ocrx_word' id='word_1_3' title='bbox 255 193 386 232; x_wconf 88' lang='lat' dir='ltr'>nescio</span> <span class='ocrx_word' id='word_1_4' title='bbox 418 205 470 232; x_wconf 90' lang='lat' dir='ltr'>an</span> <span class='ocrx_word' id='word_1_5' title='bbox 500 192 706 242; x_wconf 73' lang='lat' dir='ltr'>dispositio</span> <span class='ocrx_word' id='word_1_6' title='bbox 740 205 862 243; x_wconf 85' lang='lat' dir='ltr'>aeque</span> <span class='ocrx_word' id='word_1_7' title='bbox 893 192 943 230; x_wconf 89' lang='lat' dir='ltr'>ad</span> <span class='ocrx_word' id='word_1_8' title='bbox 973 192 1206 230; x_wconf 76' lang='lat' dir='ltr'>facilitatem</span> <span class='ocrx_word' id='word_1_9' title='bbox 1231 192 1397 230; x_wconf 76' lang='lat' dir='ltr'>antistet</span> 
     </span>
     <span class='ocr_line' id='line_1_3' title="bbox 58 251 920 301; baseline -0.005 -9"><span class='ocrx_word' id='word_1_10' title='bbox 58 253 244 301; x_wconf 76' lang='lat' dir='ltr'>Ponticis,</span> <span class='ocrx_word' id='word_1_11' title='bbox 277 264 322 291; x_wconf 89' lang='lat' dir='ltr'>ac</span> <span class='ocrx_word' id='word_1_12' title='bbox 353 252 518 290; x_wconf 88' lang='lat' dir='ltr'>Pontica</span> <span class='ocrx_word' id='word_1_13' title='bbox 549 251 790 301; x_wconf 83' lang='lat' dir='ltr'>superabant</span> <span class='ocrx_word' id='word_1_14' title='bbox 822 251 920 289; x_wconf 89' lang='lat' dir='ltr'>Ibin.</span> 
     </span>
    </p>

    <p class='ocr_par' dir='ltr' id='par_1_3' title="bbox 55 308 1402 1227">
     <span class='ocr_line' id='line_1_4' title="bbox 172 308 1396 360; baseline -0.003 -11"><span class='ocrx_word' id='word_1_15' title='bbox 172 311 307 349; x_wconf 88' lang='lat' dir='ltr'>Prima</span> <span class='ocrx_word' id='word_1_16' title='bbox 338 310 459 349; x_wconf 90' lang='lat' dir='ltr'>series</span> <span class='ocrx_word' id='word_1_17' title='bbox 491 310 728 360; x_wconf 86' lang='lat' dir='ltr'>paginarum</span> <span class='ocrx_word' id='word_1_18' title='bbox 753 312 814 348; x_wconf 86' lang='lat' dir='ltr'>est</span> <span class='ocrx_word' id='word_1_19' title='bbox 844 318 963 358; x_wconf 84' lang='lat' dir='ltr'>XLII,</span> <span class='ocrx_word' id='word_1_20' title='bbox 996 308 1046 346; x_wconf 86' lang='lat' dir='ltr'>ad</span> <span class='ocrx_word' id='word_1_21' title='bbox 1077 317 1111 347; x_wconf 93' lang='lat'>11</span> <span class='ocrx_word' id='word_1_22' title='bbox 1143 310 1227 347; x_wconf 88' lang='lat'>204</span> <span class='ocrx_word' id='word_1_23' title='bbox 1260 320 1396 357; x_wconf 86' lang='lat' dir='ltr'>usque.</span> 
     </span>
     <span class='ocr_line' id='line_1_5' title="bbox 55 367 1398 418; baseline -0.003 -10"><span class='ocrx_word' id='word_1_24' title='bbox 55 369 148 408; x_wconf 87' lang='lat' dir='ltr'>libri</span> <span class='ocrx_word' id='word_1_25' title='bbox 165 369 284 418; x_wconf 88' lang='lat' dir='ltr'>primi</span> <span class='ocrx_word' id='word_1_26' title='bbox 309 369 488 407; x_wconf 89' lang='lat' dir='ltr'>versibus</span> <span class='ocrx_word' id='word_1_27' title='bbox 508 376 737 407; x_wconf 87' lang='lat' dir='ltr'>DCCXXIIII</span> <span class='ocrx_word' id='word_1_28' title='bbox 763 368 796 406; x_wconf 94' lang='lat' dir='ltr'>si</span> <span class='ocrx_word' id='word_1_29' title='bbox 821 367 943 406; x_wconf 85' lang='lat' dir='ltr'>addas</span> <span class='ocrx_word' id='word_1_30' title='bbox 968 367 1233 416; x_wconf 83' lang='lat' dir='ltr'>inscriptionis</span> <span class='ocrx_word' id='word_1_31' title='bbox 1259 379 1398 404; x_wconf 83' lang='lat' dir='ltr'>versus</span> 
     </span>
     <span class='ocr_line' id='line_1_6' title="bbox 56 425 1397 477; baseline -0.004 -11"><span class='ocrx_word' id='word_1_32' title='bbox 56 427 170 476; x_wconf 91' lang='lat' dir='ltr'>duos,</span> <span class='ocrx_word' id='word_1_33' title='bbox 224 428 429 477; x_wconf 79' lang='lat' dir='ltr'>explentur</span> <span class='ocrx_word' id='word_1_34' title='bbox 478 427 588 476; x_wconf 85' lang='lat' dir='ltr'>ipsae</span> <span class='ocrx_word' id='word_1_35' title='bbox 638 427 806 477; x_wconf 85' lang='lat' dir='ltr'>paginae</span> <span class='ocrx_word' id='word_1_36' title='bbox 855 435 1017 464; x_wconf 87' lang='lat' dir='ltr'>XXXIII.</span> <span class='ocrx_word' id='word_1_37' title='bbox 1093 426 1125 463; x_wconf 89' lang='lat' dir='ltr'>si</span> <span class='ocrx_word' id='word_1_38' title='bbox 1173 425 1397 474; x_wconf 88' lang='lat' dir='ltr'>plusculum</span> 
     </span>
     <span class='ocr_line' id='line_1_7' title="bbox 58 485 1397 535; baseline -0.004 -10"><span class='ocrx_word' id='word_1_39' title='bbox 58 487 179 535; x_wconf 88' lang='lat' dir='ltr'>spatii</span> <span class='ocrx_word' id='word_1_40' title='bbox 204 487 253 524; x_wconf 87' lang='lat' dir='ltr'>ab</span> <span class='ocrx_word' id='word_1_41' title='bbox 279 487 392 524; x_wconf 89' lang='lat' dir='ltr'>initio</span> <span class='ocrx_word' id='word_1_42' title='bbox 418 486 600 525; x_wconf 89' lang='lat' dir='ltr'>relictum</span> <span class='ocrx_word' id='word_1_43' title='bbox 625 488 753 535; x_wconf 88' lang='lat' dir='ltr'>putes,</span> <span class='ocrx_word' id='word_1_44' title='bbox 785 485 953 524; x_wconf 86' lang='lat' dir='ltr'>inveniri</span> <span class='ocrx_word' id='word_1_45' title='bbox 979 486 1156 533; x_wconf 82' lang='lat' dir='ltr'>possunt,</span> <span class='ocrx_word' id='word_1_46' title='bbox 1188 496 1287 532; x_wconf 86' lang='lat' dir='ltr'>quae</span> <span class='ocrx_word' id='word_1_47' title='bbox 1314 495 1397 521; x_wconf 91' lang='lat' dir='ltr'>sae-</span> 
     </span>
     <span class='ocr_line' id='line_1_8' title="bbox 57 541 1399 591; baseline -0.003 -8"><span class='ocrx_word' id='word_1_48' title='bbox 57 545 144 583; x_wconf 92' lang='lat' dir='ltr'>culo</span> <span class='ocrx_word' id='word_1_49' title='bbox 176 554 223 583; x_wconf 89' lang='lat' dir='ltr'>VI</span> <span class='ocrx_word' id='word_1_50' title='bbox 254 548 324 583; x_wconf 87' lang='lat' dir='ltr'>aut</span> <span class='ocrx_word' id='word_1_51' title='bbox 355 553 421 583; x_wconf 89' lang='lat' dir='ltr'>VII</span> <span class='ocrx_word' id='word_1_52' title='bbox 452 545 607 583; x_wconf 88' lang='lat' dir='ltr'>adiecta</span> <span class='ocrx_word' id='word_1_53' title='bbox 637 543 863 591; x_wconf 72' lang='lat' dir='ltr'>videantur,</span> <span class='ocrx_word' id='word_1_54' title='bbox 902 544 1012 581; x_wconf 85' lang='lat' dir='ltr'>velut</span> <span class='ocrx_word' id='word_1_55' title='bbox 1044 541 1285 580; x_wconf 80' lang='lat' dir='ltr'>Schraderus</span> <span class='ocrx_word' id='word_1_56' title='bbox 1318 541 1399 580; x_wconf 89' lang='lat' dir='ltr'>acri</span> 
     </span>
     <span class='ocr_line' id='line_1_9' title="bbox 57 600 1398 652; baseline -0.003 -11"><span class='ocrx_word' id='word_1_57' title='bbox 57 603 200 642; x_wconf 89' lang='lat' dir='ltr'>iudicio</span> <span class='ocrx_word' id='word_1_58' title='bbox 228 605 309 642; x_wconf 87' lang='lat'>395</span> <span class='ocrx_word' id='word_1_59' title='bbox 341 604 436 652; x_wconf 85' lang='lat'>396,</span> <span class='ocrx_word' id='word_1_60' title='bbox 465 604 547 642; x_wconf 84' lang='lat'>565</span> <span class='ocrx_word' id='word_1_61' title='bbox 577 604 661 642; x_wconf 87' lang='grc'>566</span> <span class='ocrx_word' id='word_1_62' title='bbox 690 602 913 649; x_wconf 88' lang='lat' dir='ltr'>damnabat,</span> <span class='ocrx_word' id='word_1_63' title='bbox 941 602 1027 639; x_wconf 90' lang='lat' dir='ltr'>aliis</span> <span class='ocrx_word' id='word_1_64' title='bbox 1055 603 1137 639; x_wconf 86' lang='lat'>205</span> <span class='ocrx_word' id='word_1_65' title='bbox 1167 602 1249 639; x_wconf 87' lang='lat'>206</span> <span class='ocrx_word' id='word_1_66' title='bbox 1278 600 1398 637; x_wconf 88' lang='lat' dir='ltr'>offen-</span> 
     </span>
     <span class='ocr_line' id='line_1_10' title="bbox 59 659 1399 710; baseline -0.003 -10"><span class='ocrx_word' id='word_1_67' title='bbox 59 662 158 700; x_wconf 88' lang='lat' dir='ltr'>sioni</span> <span class='ocrx_word' id='word_1_68' title='bbox 200 662 372 699; x_wconf 89' lang='lat' dir='ltr'>fuerunt.</span> <span class='ocrx_word' id='word_1_69' title='bbox 441 662 500 699; x_wconf 91' lang='lat' dir='ltr'>ita</span> <span class='ocrx_word' id='word_1_70' title='bbox 547 661 633 698; x_wconf 89' lang='lat' dir='ltr'>fieri</span> <span class='ocrx_word' id='word_1_71' title='bbox 680 661 820 710; x_wconf 86' lang='lat' dir='ltr'>possit,</span> <span class='ocrx_word' id='word_1_72' title='bbox 870 663 915 698; x_wconf 88' lang='lat' dir='ltr'>ut</span> <span class='ocrx_word' id='word_1_73' title='bbox 961 672 1060 709; x_wconf 89' lang='lat' dir='ltr'>quae</span> <span class='ocrx_word' id='word_1_74' title='bbox 1112 660 1194 697; x_wconf 90' lang='lat' dir='ltr'>sola</span> <span class='ocrx_word' id='word_1_75' title='bbox 1238 659 1399 697; x_wconf 90' lang='lat' dir='ltr'>circum-</span> 
     </span>
     <span class='ocr_line' id='line_1_11' title="bbox 59 719 1399 769; baseline -0.002 -11"><span class='ocrx_word' id='word_1_76' title='bbox 59 720 208 769; x_wconf 80' lang='lat' dir='ltr'>scripsi,</span> <span class='ocrx_word' id='word_1_77' title='bbox 242 721 326 758; x_wconf 93' lang='lat'>323</span> <span class='ocrx_word' id='word_1_78' title='bbox 360 719 410 757; x_wconf 91' lang='lat' dir='ltr'>ad</span> <span class='ocrx_word' id='word_1_79' title='bbox 437 721 533 767; x_wconf 89' lang='lat'>326,</span> <span class='ocrx_word' id='word_1_80' title='bbox 565 720 606 756; x_wconf 90' lang='lat' dir='ltr'>in</span> <span class='ocrx_word' id='word_1_81' title='bbox 636 719 804 768; x_wconf 86' lang='lat' dir='ltr'>paginae</span> <span class='ocrx_word' id='word_1_82' title='bbox 836 727 896 756; x_wconf 89' lang='lat' dir='ltr'>XV</span> <span class='ocrx_word' id='word_1_83' title='bbox 928 719 1046 756; x_wconf 88' lang='lat' dir='ltr'>finem</span> <span class='ocrx_word' id='word_1_84' title='bbox 1075 719 1399 767; x_wconf 77' lang='lat' dir='ltr'>promoveantur3</span> 
     </span>
     <span class='ocr_line' id='line_1_12' title="bbox 59 775 1400 827; baseline -0.002 -10"><span class='ocrx_word' id='word_1_85' title='bbox 59 781 150 817; x_wconf 90' lang='lat' dir='ltr'>sunt</span> <span class='ocrx_word' id='word_1_86' title='bbox 186 779 290 816; x_wconf 79' lang='lat' dir='ltr'>enim</span> <span class='ocrx_word' id='word_1_87' title='bbox 327 777 374 816; x_wconf 90' lang='lat' dir='ltr'>de</span> <span class='ocrx_word' id='word_1_88' title='bbox 414 791 457 817; x_wconf 90' lang='lat' dir='ltr'>eo</span> <span class='ocrx_word' id='word_1_89' title='bbox 495 790 640 827; x_wconf 82' lang='lat' dir='ltr'>genere</span> <span class='ocrx_word' id='word_1_90' title='bbox 678 779 918 824; x_wconf 87' lang='lat' dir='ltr'>commenta,</span> <span class='ocrx_word' id='word_1_91' title='bbox 962 779 1007 814; x_wconf 91' lang='lat' dir='ltr'>ut</span> <span class='ocrx_word' id='word_1_92' title='bbox 1038 776 1079 814; x_wconf 88' lang='lat' dir='ltr'>II</span> <span class='ocrx_word' id='word_1_93' title='bbox 1112 778 1195 814; x_wconf 89' lang='lat'>423</span> <span class='ocrx_word' id='word_1_94' title='bbox 1233 775 1270 812; x_wconf 88' lang='lat' dir='ltr'><strong>V</strong></span> <span class='ocrx_word' id='word_1_95' title='bbox 1304 777 1400 814; x_wconf 90' lang='lat'>633.</span> 
     </span>
     <span class='ocr_line' id='line_1_13' title="bbox 59 834 1401 885; baseline -0.004 -10"><span class='ocrx_word' id='word_1_96' title='bbox 59 837 262 876; x_wconf 89' lang='lat' dir='ltr'>adicienda</span> <span class='ocrx_word' id='word_1_97' title='bbox 281 837 403 875; x_wconf 90' lang='lat' dir='ltr'>etiam</span> <span class='ocrx_word' id='word_1_98' title='bbox 431 837 597 885; x_wconf 83' lang='lat' dir='ltr'>paginae</span> <span class='ocrx_word' id='word_1_99' title='bbox 623 844 771 874; x_wconf 86' lang='lat' dir='ltr'>XXXIII</span> <span class='ocrx_word' id='word_1_100' title='bbox 796 835 999 884; x_wconf 85' lang='lat' dir='ltr'>inscriptio</span> <span class='ocrx_word' id='word_1_101' title='bbox 1025 834 1118 871; x_wconf 85' lang='lat' dir='ltr'>libri</span> <span class='ocrx_word' id='word_1_102' title='bbox 1144 834 1314 882; x_wconf 89' lang='lat' dir='ltr'>secundi,</span> <span class='ocrx_word' id='word_1_103' title='bbox 1341 834 1401 871; x_wconf 90' lang='lat' dir='ltr'>uti</span> 
     </span>
     <span class='ocr_line' id='line_1_14' title="bbox 60 892 1400 945; baseline -0.004 -11"><span class='ocrx_word' id='word_1_104' title='bbox 60 908 179 945; x_wconf 89' lang='lat' dir='ltr'>supra</span> <span class='ocrx_word' id='word_1_105' title='bbox 203 896 245 934; x_wconf 84' lang='lat' dir='ltr'>in</span> <span class='ocrx_word' id='word_1_106' title='bbox 269 895 370 933; x_wconf 89' lang='lat' dir='ltr'>libro</span> <span class='ocrx_word' id='word_1_107' title='bbox 397 895 459 933; x_wconf 90' lang='lat' dir='ltr'>III</span> <span class='ocrx_word' id='word_1_108' title='bbox 484 895 738 933; x_wconf 89' lang='lat' dir='ltr'>Ponticorum</span> <span class='ocrx_word' id='word_1_109' title='bbox 763 906 837 931; x_wconf 88' lang='lat' dir='ltr'>usu</span> <span class='ocrx_word' id='word_1_110' title='bbox 862 893 981 932; x_wconf 84' lang='lat' dir='ltr'>venit.</span> <span class='ocrx_word' id='word_1_111' title='bbox 1055 904 1223 942; x_wconf 85' lang='lat' dir='ltr'>namque</span> <span class='ocrx_word' id='word_1_112' title='bbox 1249 892 1400 941; x_wconf 88' lang='lat' dir='ltr'>primae</span> 
     </span>
     <span class='ocr_line' id='line_1_15' title="bbox 59 952 1401 1003; baseline -0.004 -11"><span class='ocrx_word' id='word_1_113' title='bbox 59 967 200 992; x_wconf 88' lang='lat' dir='ltr'>novem</span> <span class='ocrx_word' id='word_1_114' title='bbox 225 954 317 993; x_wconf 86' lang='lat' dir='ltr'>libri</span> <span class='ocrx_word' id='word_1_115' title='bbox 343 954 503 991; x_wconf 88' lang='lat' dir='ltr'>secundi</span> <span class='ocrx_word' id='word_1_116' title='bbox 527 954 707 1003; x_wconf 87' lang='lat' dir='ltr'>paginae,</span> <span class='ocrx_word' id='word_1_117' title='bbox 743 961 910 990; x_wconf 82' lang='lat' dir='ltr'>XXXIIII</span> <span class='ocrx_word' id='word_1_118' title='bbox 940 952 989 989; x_wconf 89' lang='lat' dir='ltr'>ad</span> <span class='ocrx_word' id='word_1_119' title='bbox 1015 960 1123 1000; x_wconf 88' lang='lat' dir='ltr'>XLII,</span> <span class='ocrx_word' id='word_1_120' title='bbox 1150 964 1237 989; x_wconf 89' lang='grc'>011111</span> <span class='ocrx_word' id='word_1_121' title='bbox 1262 962 1401 988; x_wconf 86' lang='lat' dir='ltr'>versus</span> 
     </span>
     <span class='ocr_line' id='line_1_16' title="bbox 61 1009 1401 1062; baseline -0.004 -11"><span class='ocrx_word' id='word_1_122' title='bbox 61 1013 218 1062; x_wconf 86' lang='lat' dir='ltr'>capiant</span> <span class='ocrx_word' id='word_1_123' title='bbox 249 1021 438 1061; x_wconf 88' lang='lat' dir='ltr'>CXCVIII,</span> <span class='ocrx_word' id='word_1_124' title='bbox 470 1013 619 1050; x_wconf 87' lang='lat' dir='ltr'>habent</span> <span class='ocrx_word' id='word_1_125' title='bbox 649 1023 771 1061; x_wconf 88' lang='lat' dir='ltr'>nunc,</span> <span class='ocrx_word' id='word_1_126' title='bbox 811 1011 968 1049; x_wconf 91' lang='lat' dir='ltr'>etiamsi</span> <span class='ocrx_word' id='word_1_127' title='bbox 1009 1010 1184 1059; x_wconf 88' lang='lat' dir='ltr'>sequaris</span> <span class='ocrx_word' id='word_1_128' title='bbox 1222 1021 1322 1059; x_wconf 88' lang='lat' dir='ltr'>quae</span> <span class='ocrx_word' id='word_1_129' title='bbox 1355 1009 1401 1047; x_wconf 86' lang='lat' dir='ltr'>de</span> 
     </span>
     <span class='ocr_line' id='line_1_17' title="bbox 60 1067 1402 1118; baseline -0.004 -8"><span class='ocrx_word' id='word_1_130' title='bbox 60 1084 121 1110; x_wconf 85' lang='lat' dir='ltr'>vv.</span> <span class='ocrx_word' id='word_1_131' title='bbox 158 1073 239 1110; x_wconf 87' lang='grc'>196</span> <span class='ocrx_word' id='word_1_132' title='bbox 266 1071 315 1109; x_wconf 89' lang='lat' dir='ltr'>ad</span> <span class='ocrx_word' id='word_1_133' title='bbox 343 1073 426 1110; x_wconf 88' lang='lat'>204</span> <span class='ocrx_word' id='word_1_134' title='bbox 454 1071 678 1118; x_wconf 80' lang='lat' dir='ltr'>statuimus,</span> <span class='ocrx_word' id='word_1_135' title='bbox 711 1070 918 1108; x_wconf 87' lang='lat' dir='ltr'>ducentos:</span> <span class='ocrx_word' id='word_1_136' title='bbox 952 1068 1255 1118; x_wconf 84' lang='lat' dir='ltr'>expungendum</span> <span class='ocrx_word' id='word_1_137' title='bbox 1279 1067 1402 1117; x_wconf 87' lang='lat' dir='ltr'>igitur</span> 
     </span>
     <span class='ocr_line' id='line_1_18' title="bbox 61 1126 1402 1168; baseline -0.004 0"><span class='ocrx_word' id='word_1_138' title='bbox 61 1130 139 1168; x_wconf 84' lang='lat' dir='ltr'>fuit</span> <span class='ocrx_word' id='word_1_139' title='bbox 172 1129 390 1168; x_wconf 87' lang='lat' dir='ltr'>Schradero</span> <span class='ocrx_word' id='word_1_140' title='bbox 423 1132 582 1167; x_wconf 89' lang='lat' dir='ltr'>auctore</span> <span class='ocrx_word' id='word_1_141' title='bbox 614 1129 814 1166; x_wconf 88' lang='lat' dir='ltr'>inficetum</span> <span class='ocrx_word' id='word_1_142' title='bbox 846 1130 886 1166; x_wconf 94' lang='lat' dir='ltr'>et</span> <span class='ocrx_word' id='word_1_143' title='bbox 916 1128 1018 1165; x_wconf 89' lang='lat' dir='ltr'>male</span> <span class='ocrx_word' id='word_1_144' title='bbox 1044 1129 1183 1165; x_wconf 89' lang='lat' dir='ltr'>natum</span> <span class='ocrx_word' id='word_1_145' title='bbox 1207 1126 1402 1164; x_wconf 91' lang='lat' dir='ltr'>distichon</span> 
     </span>
     <span class='ocr_line' id='line_1_19' title="bbox 62 1188 338 1227; baseline 0.004 -1"><span class='ocrx_word' id='word_1_146' title='bbox 62 1188 104 1226; x_wconf 87' lang='lat' dir='ltr'>II</span> <span class='ocrx_word' id='word_1_147' title='bbox 132 1191 212 1227; x_wconf 89' lang='grc'>109</span> <span class='ocrx_word' id='word_1_148' title='bbox 244 1190 338 1227; x_wconf 88' lang='grc'>110.</span> 
     </span>
    </p>

    <p class='ocr_par' dir='ltr' id='par_1_4' title="bbox 14 1243 1407 1694">
     <span class='ocr_line' id='line_1_20' title="bbox 181 1243 1404 1285; baseline -0.004 0"><span class='ocrx_word' id='word_1_149' title='bbox 181 1247 359 1285; x_wconf 86' lang='lat' dir='ltr'>Secunda</span> <span class='ocrx_word' id='word_1_150' title='bbox 397 1246 517 1284; x_wconf 88' lang='lat' dir='ltr'>series</span> <span class='ocrx_word' id='word_1_151' title='bbox 549 1246 625 1284; x_wconf 90' lang='lat' dir='ltr'>erit</span> <span class='ocrx_word' id='word_1_152' title='bbox 655 1245 857 1284; x_wconf 87' lang='lat' dir='ltr'>intervalli</span> <span class='ocrx_word' id='word_1_153' title='bbox 888 1257 1074 1284; x_wconf 85' lang='lat' dir='ltr'>versuum</span> <span class='ocrx_word' id='word_1_154' title='bbox 1107 1252 1227 1282; x_wconf 85' lang='lat' dir='ltr'>CCXX</span> <span class='ocrx_word' id='word_1_155' title='bbox 1258 1243 1348 1281; x_wconf 91' lang='lat' dir='ltr'>inde</span> <span class='ocrx_word' id='word_1_156' title='bbox 1381 1255 1404 1280; x_wconf 92' lang='lat' dir='ltr'>a</span> 
     </span>
     <span class='ocr_line' id='line_1_21' title="bbox 62 1301 1403 1355; baseline -0.003 -12"><span class='ocrx_word' id='word_1_157' title='bbox 62 1306 104 1343; x_wconf 88' lang='lat' dir='ltr'>II</span> <span class='ocrx_word' id='word_1_158' title='bbox 131 1307 213 1344; x_wconf 82' lang='grc'>205</span> <span class='ocrx_word' id='word_1_159' title='bbox 241 1305 291 1343; x_wconf 89' lang='lat' dir='ltr'>ad</span> <span class='ocrx_word' id='word_1_160' title='bbox 318 1307 414 1354; x_wconf 89' lang='lat'>424,</span> <span class='ocrx_word' id='word_1_161' title='bbox 446 1305 681 1355; x_wconf 85' lang='lat' dir='ltr'>paginarum</span> <span class='ocrx_word' id='word_1_162' title='bbox 712 1303 918 1354; x_wconf 85' lang='lat' dir='ltr'>archetypi</span> <span class='ocrx_word' id='word_1_163' title='bbox 949 1304 1095 1350; x_wconf 87' lang='lat' dir='ltr'>decem,</span> <span class='ocrx_word' id='word_1_164' title='bbox 1127 1302 1269 1351; x_wconf 87' lang='lat' dir='ltr'>quibus</span> <span class='ocrx_word' id='word_1_165' title='bbox 1294 1301 1403 1339; x_wconf 85' lang='lat' dir='ltr'>novi-</span> 
     </span>
     <span class='ocr_line' id='line_1_22' title="bbox 64 1361 1404 1411; baseline -0.003 -10"><span class='ocrx_word' id='word_1_166' title='bbox 64 1364 168 1401; x_wconf 90' lang='lat' dir='ltr'>cium</span> <span class='ocrx_word' id='word_1_167' title='bbox 216 1364 314 1401; x_wconf 92' lang='lat' dir='ltr'>nihil</span> <span class='ocrx_word' id='word_1_168' title='bbox 357 1364 565 1402; x_wconf 87' lang='lat' dir='ltr'>accessisse</span> <span class='ocrx_word' id='word_1_169' title='bbox 608 1363 784 1402; x_wconf 84' lang='lat' dir='ltr'>videtur:</span> <span class='ocrx_word' id='word_1_170' title='bbox 835 1375 934 1411; x_wconf 87' lang='lat' dir='ltr'>quae</span> <span class='ocrx_word' id='word_1_171' title='bbox 978 1361 1184 1410; x_wconf 87' lang='lat' dir='ltr'>displicere</span> <span class='ocrx_word' id='word_1_172' title='bbox 1228 1362 1404 1409; x_wconf 89' lang='lat' dir='ltr'>possunt,</span> 
     </span>
     <span class='ocr_line' id='line_1_23' title="bbox 66 1418 1405 1470; baseline -0.005 -9"><span class='ocrx_word' id='word_1_173' title='bbox 66 1423 147 1461; x_wconf 87' lang='grc'>209</span> <span class='ocrx_word' id='word_1_174' title='bbox 184 1424 285 1470; x_wconf 89' lang='grc'>210,</span> <span class='ocrx_word' id='word_1_175' title='bbox 320 1425 399 1460; x_wconf 86' lang='grc'>341</span> <span class='ocrx_word' id='word_1_176' title='bbox 437 1424 538 1469; x_wconf 86' lang='grc'>342,</span> <span class='ocrx_word' id='word_1_177' title='bbox 575 1434 654 1459; x_wconf 86' lang='grc'>11011</span> <span class='ocrx_word' id='word_1_178' title='bbox 691 1423 782 1459; x_wconf 87' lang='lat' dir='ltr'>sunt</span> <span class='ocrx_word' id='word_1_179' title='bbox 819 1419 1163 1468; x_wconf 87' lang='lat' dir='ltr'>interpolationes,</span> <span class='ocrx_word' id='word_1_180' title='bbox 1202 1419 1269 1456; x_wconf 89' lang='lat' dir='ltr'>sed</span> <span class='ocrx_word' id='word_1_181' title='bbox 1306 1418 1405 1455; x_wconf 87' lang='lat' dir='ltr'>ludi-</span> 
     </span>
     <span class='ocr_line' id='line_1_24' title="bbox 64 1477 1402 1528; baseline -0.004 -10"><span class='ocrx_word' id='word_1_182' title='bbox 64 1481 186 1518; x_wconf 87' lang='lat' dir='ltr'>bundi</span> <span class='ocrx_word' id='word_1_183' title='bbox 216 1481 362 1519; x_wconf 85' lang='lat' dir='ltr'>veteris</span> <span class='ocrx_word' id='word_1_184' title='bbox 393 1480 551 1518; x_wconf 86' lang='lat' dir='ltr'>lectoris</span> <span class='ocrx_word' id='word_1_185' title='bbox 583 1479 857 1528; x_wconf 83' lang='lat' dir='ltr'>temptamina,</span> <span class='ocrx_word' id='word_1_186' title='bbox 890 1480 935 1515; x_wconf 88' lang='lat' dir='ltr'>ut</span> <span class='ocrx_word' id='word_1_187' title='bbox 966 1478 1135 1515; x_wconf 86' lang='lat' dir='ltr'>fortasse</span> <span class='ocrx_word' id='word_1_188' title='bbox 1168 1477 1288 1514; x_wconf 88' lang='lat' dir='ltr'>etiam</span> <span class='ocrx_word' id='word_1_189' title='bbox 1321 1478 1402 1514; x_wconf 83' lang='lat'>367</span> 
     </span>
     <span class='ocr_line' id='line_1_25' title="bbox 68 1535 1406 1587; baseline -0.004 -10"><span class='ocrx_word' id='word_1_190' title='bbox 68 1540 174 1587; x_wconf 85' lang='lat'>368,</span> <span class='ocrx_word' id='word_1_191' title='bbox 229 1539 270 1576; x_wconf 91' lang='lat' dir='ltr'>in</span> <span class='ocrx_word' id='word_1_192' title='bbox 325 1539 465 1587; x_wconf 85' lang='lat' dir='ltr'>quibus</span> <span class='ocrx_word' id='word_1_193' title='bbox 527 1537 631 1587; x_wconf 88' lang='lat' dir='ltr'>quod</span> <span class='ocrx_word' id='word_1_194' title='bbox 685 1537 853 1574; x_wconf 82' lang='lat' dir='ltr'>maxime</span> <span class='ocrx_word' id='word_1_195' title='bbox 909 1536 1096 1585; x_wconf 89' lang='lat' dir='ltr'>culpabat</span> <span class='ocrx_word' id='word_1_196' title='bbox 1152 1535 1406 1583; x_wconf 87' lang='lat' dir='ltr'>Schraderus,</span> 
     </span>
     <span class='ocr_line' id='line_1_26' title="bbox 14 1594 1407 1647; baseline -0.003 -12"><span class='ocrx_word' id='word_1_197' title='bbox 14 1601 19 1605; x_wconf 91' lang='grc'><strong><em>’</em></strong></span> <span class='ocrx_word' id='word_1_198' title='bbox 65 1597 252 1635; x_wconf 89' lang='lat' dir='ltr'>iteratum</span> <span class='ocrx_word' id='word_1_199' title='bbox 296 1599 455 1647; x_wconf 74' lang='lat' dir='ltr'>dabant,</span> <span class='ocrx_word' id='word_1_200' title='bbox 497 1609 576 1634; x_wconf 94' lang='lat' dir='ltr'>non</span> <span class='ocrx_word' id='word_1_201' title='bbox 623 1596 749 1634; x_wconf 89' lang='lat' dir='ltr'>ausim</span> <span class='ocrx_word' id='word_1_202' title='bbox 794 1596 947 1634; x_wconf 86' lang='lat' dir='ltr'>elevare</span> <span class='ocrx_word' id='word_1_203' title='bbox 994 1594 1197 1632; x_wconf 87' lang='lat' dir='ltr'>scribendo</span> <span class='ocrx_word' id='word_1_204' title='bbox 1246 1605 1407 1641; x_wconf 73' lang='lat' dir='ltr'>corpora</span> 
     </span>
     <span class='ocr_line' id='line_1_27' title="bbox 64 1657 316 1694; baseline -0.004 0"><span class='ocrx_word' id='word_1_205' title='bbox 64 1657 172 1694; x_wconf 73' lang='lat' dir='ltr'>nuda</span> <span class='ocrx_word' id='word_1_206' title='bbox 196 1657 316 1694; x_wconf 67' lang='lat' dir='ltr'>beant.</span> 
     </span>
    </p>

    <p class='ocr_par' dir='ltr' id='par_1_5' title="bbox 65 1710 1408 2000">
     <span class='ocr_line' id='line_1_28' title="bbox 184 1710 1408 1763; baseline -0.003 -11"><span class='ocrx_word' id='word_1_207' title='bbox 184 1714 320 1752; x_wconf 87' lang='lat' dir='ltr'>Tertia</span> <span class='ocrx_word' id='word_1_208' title='bbox 363 1726 454 1763; x_wconf 90' lang='lat' dir='ltr'>pars</span> <span class='ocrx_word' id='word_1_209' title='bbox 500 1715 560 1752; x_wconf 83' lang='lat' dir='ltr'>est</span> <span class='ocrx_word' id='word_1_210' title='bbox 600 1713 806 1751; x_wconf 84' lang='lat' dir='ltr'>interstitii</span> <span class='ocrx_word' id='word_1_211' title='bbox 844 1712 940 1750; x_wconf 90' lang='lat' dir='ltr'>satis</span> <span class='ocrx_word' id='word_1_212' title='bbox 980 1711 1160 1760; x_wconf 85' lang='lat' dir='ltr'>spatiosi,</span> <span class='ocrx_word' id='word_1_213' title='bbox 1205 1710 1310 1760; x_wconf 89' lang='lat' dir='ltr'>quod</span> <span class='ocrx_word' id='word_1_214' title='bbox 1347 1713 1408 1748; x_wconf 88' lang='lat' dir='ltr'>est</span> 
     </span>
     <span class='ocr_line' id='line_1_29' title="bbox 65 1770 1406 1820; baseline -0.003 -10"><span class='ocrx_word' id='word_1_215' title='bbox 65 1773 168 1812; x_wconf 80' lang='lat' dir='ltr'>inter</span> <span class='ocrx_word' id='word_1_216' title='bbox 199 1773 240 1810; x_wconf 92' lang='lat' dir='ltr'>II</span> <span class='ocrx_word' id='word_1_217' title='bbox 272 1774 357 1811; x_wconf 88' lang='lat'>424</span> <span class='ocrx_word' id='word_1_218' title='bbox 390 1775 430 1810; x_wconf 83' lang='lat' dir='ltr'>et</span> <span class='ocrx_word' id='word_1_219' title='bbox 460 1772 522 1809; x_wconf 87' lang='lat' dir='ltr'>III</span> <span class='ocrx_word' id='word_1_220' title='bbox 555 1773 657 1820; x_wconf 85' lang='lat'>505,</span> <span class='ocrx_word' id='word_1_221' title='bbox 695 1772 929 1820; x_wconf 84' lang='lat' dir='ltr'>paginarum</span> <span class='ocrx_word' id='word_1_222' title='bbox 960 1770 1167 1819; x_wconf 82' lang='lat' dir='ltr'>archetypi</span> <span class='ocrx_word' id='word_1_223' title='bbox 1198 1778 1406 1807; x_wconf 89' lang='lat' dir='ltr'>XXXXIIII.</span> 
     </span>
     <span class='ocr_line' id='line_1_30' title="bbox 65 1826 1405 1881; baseline -0.004 -11"><span class='ocrx_word' id='word_1_224' title='bbox 65 1832 233 1881; x_wconf 85' lang='lat' dir='ltr'>paginae</span> <span class='ocrx_word' id='word_1_225' title='bbox 267 1832 419 1881; x_wconf 84' lang='lat' dir='ltr'>priores</span> <span class='ocrx_word' id='word_1_226' title='bbox 450 1840 514 1869; x_wconf 89' lang='lat' dir='ltr'>XX</span> <span class='ocrx_word' id='word_1_227' title='bbox 546 1831 595 1868; x_wconf 91' lang='lat' dir='ltr'>ad</span> <span class='ocrx_word' id='word_1_228' title='bbox 631 1826 748 1868; x_wconf 86' lang='lat' dir='ltr'>finem</span> <span class='ocrx_word' id='word_1_229' title='bbox 779 1830 871 1868; x_wconf 85' lang='lat' dir='ltr'>libri</span> <span class='ocrx_word' id='word_1_230' title='bbox 909 1829 1068 1868; x_wconf 88' lang='lat' dir='ltr'>secundi</span> <span class='ocrx_word' id='word_1_231' title='bbox 1105 1828 1301 1866; x_wconf 89' lang='lat' dir='ltr'>distichon</span> <span class='ocrx_word' id='word_1_232' title='bbox 1337 1829 1405 1866; x_wconf 91' lang='lat' dir='ltr'>ha-</span> 
     </span>
     <span class='ocr_line' id='line_1_31' title="bbox 66 1887 1406 1940; baseline -0.004 -11"><span class='ocrx_word' id='word_1_233' title='bbox 66 1891 179 1940; x_wconf 84' lang='lat' dir='ltr'>bent,</span> <span class='ocrx_word' id='word_1_234' title='bbox 215 1891 320 1940; x_wconf 88' lang='lat' dir='ltr'>quod</span> <span class='ocrx_word' id='word_1_235' title='bbox 350 1890 564 1928; x_wconf 89' lang='lat' dir='ltr'>insiticium</span> <span class='ocrx_word' id='word_1_236' title='bbox 598 1890 682 1927; x_wconf 91' lang='lat' dir='ltr'>iure</span> <span class='ocrx_word' id='word_1_237' title='bbox 713 1889 914 1936; x_wconf 86' lang='lat' dir='ltr'>videatur,</span> <span class='ocrx_word' id='word_1_238' title='bbox 955 1889 1036 1926; x_wconf 80' lang='lat'>683</span> <span class='ocrx_word' id='word_1_239' title='bbox 1067 1889 1168 1935; x_wconf 80' lang='lat'>6843</span> <span class='ocrx_word' id='word_1_240' title='bbox 1206 1887 1303 1925; x_wconf 86' lang='lat' dir='ltr'>item</span> <span class='ocrx_word' id='word_1_241' title='bbox 1330 1887 1406 1923; x_wconf 89' lang='lat' dir='ltr'>duo</span> 
     </span>
     <span class='ocr_line' id='line_1_32' title="bbox 66 1947 1407 2000; baseline -0.004 -13"><span class='ocrx_word' id='word_1_242' title='bbox 66 1949 108 1987; x_wconf 93' lang='lat' dir='ltr'>in</span> <span class='ocrx_word' id='word_1_243' title='bbox 138 1951 314 1988; x_wconf 85' lang='lat' dir='ltr'>extrema</span> <span class='ocrx_word' id='word_1_244' title='bbox 344 1950 489 2000; x_wconf 89' lang='lat' dir='ltr'>pagina</span> <span class='ocrx_word' id='word_1_245' title='bbox 519 1957 653 1997; x_wconf 85' lang='lat' dir='ltr'>LXIII,</span> <span class='ocrx_word' id='word_1_246' title='bbox 693 1947 775 1986; x_wconf 86' lang='lat'>663</span> <span class='ocrx_word' id='word_1_247' title='bbox 809 1947 859 1985; x_wconf 88' lang='lat' dir='ltr'>ad</span> <span class='ocrx_word' id='word_1_248' title='bbox 892 1948 994 1994; x_wconf 92' lang='lat'>666,</span> <span class='ocrx_word' id='word_1_249' title='bbox 1027 1948 1161 1984; x_wconf 90' lang='lat' dir='ltr'>tamen</span> <span class='ocrx_word' id='word_1_250' title='bbox 1191 1947 1237 1983; x_wconf 91' lang='lat' dir='ltr'>ut</span> <span class='ocrx_word' id='word_1_251' title='bbox 1268 1956 1407 1982; x_wconf 86' lang='lat' dir='ltr'>manus</span> 
     </span>
    </p>
   </div>
   <div class='ocr_carea' id='block_1_3' title="bbox 0 2005 1408 2115">
    <p class='ocr_par' dir='ltr' id='par_1_6' title="bbox 0 2005 1408 2115">
     <span class='ocr_line' id='line_1_33' title="bbox 68 2005 1406 2058; baseline -0.004 -13"><span class='ocrx_word' id='word_1_252' title='bbox 68 2008 361 2058; x_wconf 88' lang='lat' dir='ltr'>interpolatoris</span> <span class='ocrx_word' id='word_1_253' title='bbox 393 2010 463 2046; x_wconf 91' lang='lat' dir='ltr'>aut</span> <span class='ocrx_word' id='word_1_254' title='bbox 492 2008 672 2055; x_wconf 89' lang='lat' dir='ltr'>lacunae,</span> <span class='ocrx_word' id='word_1_255' title='bbox 712 2019 811 2056; x_wconf 88' lang='lat' dir='ltr'>quae</span> <span class='ocrx_word' id='word_1_256' title='bbox 842 2005 981 2052; x_wconf 85' lang='lat' dir='ltr'>fuerit,</span> <span class='ocrx_word' id='word_1_257' title='bbox 1012 2005 1199 2041; x_wconf 88' lang='lat' dir='ltr'>indicium</span> <span class='ocrx_word' id='word_1_258' title='bbox 1229 2015 1308 2040; x_wconf 91' lang='lat' dir='ltr'>non</span> <span class='ocrx_word' id='word_1_259' title='bbox 1340 2015 1406 2052; x_wconf 88' lang='lat' dir='ltr'>ap-</span> 
     </span>
     <span class='ocr_line' id='line_1_34' title="bbox 0 2060 1408 2115; baseline -0.006 -9"><span class='ocrx_word' id='word_1_260' title='bbox 0 2060 1 2080; x_wconf 65' lang='lat'>³</span> <span class='ocrx_word' id='word_1_261' title='bbox 67 2065 216 2115; x_wconf 87' lang='lat' dir='ltr'>pareat.</span> <span class='ocrx_word' id='word_1_262' title='bbox 288 2067 380 2105; x_wconf 89' lang='lat' dir='ltr'>libri</span> <span class='ocrx_word' id='word_1_263' title='bbox 423 2066 534 2104; x_wconf 88' lang='lat' dir='ltr'>tertii</span> <span class='ocrx_word' id='word_1_264' title='bbox 575 2078 730 2113; x_wconf 86' lang='lat' dir='ltr'>versus,</span> <span class='ocrx_word' id='word_1_265' title='bbox 776 2066 809 2103; x_wconf 91' lang='lat' dir='ltr'>si</span> <span class='ocrx_word' id='word_1_266' title='bbox 851 2063 1148 2112; x_wconf 87' lang='lat' dir='ltr'>inscriptionem</span> <span class='ocrx_word' id='word_1_267' title='bbox 1189 2073 1408 2109; x_wconf 89' lang='lat' dir='ltr'>accenseas,</span> 
     </span>
    </p>
   </div>
   <div class='ocr_carea' id='block_1_4' title="bbox 68 2121 1409 2348">
    <p class='ocr_par' dir='ltr' id='par_1_7' title="bbox 68 2121 1408 2292">
     <span class='ocr_line' id='line_1_35' title="bbox 68 2121 1408 2175; baseline -0.005 -11"><span class='ocrx_word' id='word_1_268' title='bbox 68 2134 161 2173; x_wconf 91' lang='lat' dir='ltr'>DVI,</span> <span class='ocrx_word' id='word_1_269' title='bbox 186 2126 350 2175; x_wconf 86' lang='lat' dir='ltr'>paginas</span> <span class='ocrx_word' id='word_1_270' title='bbox 370 2126 538 2174; x_wconf 89' lang='lat' dir='ltr'>implent</span> <span class='ocrx_word' id='word_1_271' title='bbox 557 2133 684 2173; x_wconf 90' lang='lat' dir='ltr'>XXIII,</span> <span class='ocrx_word' id='word_1_272' title='bbox 704 2127 750 2162; x_wconf 89' lang='lat' dir='ltr'>ut</span> <span class='ocrx_word' id='word_1_273' title='bbox 775 2134 1043 2173; x_wconf 85' lang='lat' dir='ltr'>quaecumque</span> <span class='ocrx_word' id='word_1_274' title='bbox 1071 2121 1286 2170; x_wconf 88' lang='lat' dir='ltr'>suspiciosa</span> <span class='ocrx_word' id='word_1_275' title='bbox 1306 2122 1408 2169; x_wconf 90' lang='lat' dir='ltr'>sunt,</span> 
     </span>
     <span class='ocr_line' id='line_1_36' title="bbox 70 2179 1407 2231; baseline -0.004 -10"><span class='ocrx_word' id='word_1_276' title='bbox 70 2184 237 2222; x_wconf 83' lang='lat' dir='ltr'>maxime</span> <span class='ocrx_word' id='word_1_277' title='bbox 264 2186 346 2223; x_wconf 88' lang='lat'>233</span> <span class='ocrx_word' id='word_1_278' title='bbox 376 2186 472 2231; x_wconf 88' lang='lat'>234,</span> <span class='ocrx_word' id='word_1_279' title='bbox 497 2183 679 2221; x_wconf 84' lang='lat' dir='ltr'>fortassis</span> <span class='ocrx_word' id='word_1_280' title='bbox 706 2185 788 2220; x_wconf 90' lang='grc'>411</span> <span class='ocrx_word' id='word_1_281' title='bbox 818 2183 915 2229; x_wconf 88' lang='lat'>412,</span> <span class='ocrx_word' id='word_1_282' title='bbox 944 2182 1025 2218; x_wconf 90' lang='lat'>441</span> <span class='ocrx_word' id='word_1_283' title='bbox 1055 2181 1152 2227; x_wconf 90' lang='grc'>442,</span> <span class='ocrx_word' id='word_1_284' title='bbox 1179 2179 1407 2217; x_wconf 85' lang='lat' dir='ltr'>vetustioris</span> 
     </span>
     <span class='ocr_line' id='line_1_37' title="bbox 70 2243 571 2292; baseline 0 -12"><span class='ocrx_word' id='word_1_285' title='bbox 70 2243 231 2292; x_wconf 82' lang='lat' dir='ltr'>originis</span> <span class='ocrx_word' id='word_1_286' title='bbox 262 2255 347 2281; x_wconf 88' lang='lat' dir='ltr'>esse</span> <span class='ocrx_word' id='word_1_287' title='bbox 380 2244 571 2291; x_wconf 90' lang='lat' dir='ltr'>oporteat.</span> 
     </span>
    </p>

    <p class='ocr_par' dir='ltr' id='par_1_8' title="bbox 189 2295 1409 2348">
     <span class='ocr_line' id='line_1_38' title="bbox 189 2295 1409 2348; baseline -0.006 -9"><span class='ocrx_word' id='word_1_288' title='bbox 189 2301 338 2346; x_wconf 81' lang='lat' dir='ltr'>Quarta</span> <span class='ocrx_word' id='word_1_289' title='bbox 384 2301 625 2339; x_wconf 89' lang='lat' dir='ltr'>continuatio</span> <span class='ocrx_word' id='word_1_290' title='bbox 675 2300 910 2348; x_wconf 85' lang='lat' dir='ltr'>paginarum</span> <span class='ocrx_word' id='word_1_291' title='bbox 959 2306 1040 2335; x_wconf 90' lang='lat' dir='ltr'>XXI</span> <span class='ocrx_word' id='word_1_292' title='bbox 1082 2309 1105 2334; x_wconf 91' lang='lat' dir='ltr'>a</span> <span class='ocrx_word' id='word_1_293' title='bbox 1154 2295 1409 2346; x_wconf 87' lang='lat' dir='ltr'>nonagesima</span> 
     </span>
    </p>
   </div>
  </div>
 </body>
</html>
