1570 2527
106 118 192 159 200
652 117 713 148 EX
740 116 895 149 PONTo

227 226 356 276 [Nunc
388 238 458 277 pro
493 223 724 264 Caesaribus
757 225 910 275 superis
943 223 1156 263 decernere
1188 229 1340 277 grates,

161 294 204 324 50
283 285 423 323 Albave
458 285 676 334 opimorum
711 282 806 321 colla
839 283 956 321 ferire
989 281 1148 331 houm]

224 343 349 393 Atque
383 344 559 393 utinam,
586 353 674 380 cum
707 342 781 379 iam
815 340 934 379 fueris
961 342 1112 391 potiora
1138 346 1343 392 precatus,
1365 349 1440 380 (127)

283 401 331 439 Ut
364 400 457 439 mihi
491 399 666 450 placetur
698 400 886 450 principis
919 400 1004 451 ira,
1038 398 1175 449 roges!

226 459 367 505 Surgat
399 459 444 497 ad
476 458 575 496 hanc
607 469 740 496 vocem
773 457 885 508 plena
917 458 1004 507 pius
1037 458 1137 507 ignis
1169 457 1215 495 ah
1248 469 1335 509 ara,

283 518 433 568 Detque
465 516 612 555 bonum
643 523 731 554 voto
764 515 916 554 lucidus
950 527 1063 553 omen
1096 526 1214 566 apex.

161 585 203 614 55
225 576 407 624 Interea,
441 587 515 625 qua
548 579 655 625 parte
688 574 808 625 licet,
841 585 888 611 ne
922 578 1062 612 cuncta
1095 585 1327 625 queramur,

283 633 355 672 Hic
388 645 543 684 quoque
577 639 613 671 te
648 632 790 671 festum
823 631 983 670 consule
1015 637 1170 681 tempus
1203 643 1333 682 agam.

224 692 353 730 Altera
386 692 553 731 laetitiae
573 722 583 742 ,
615 703 688 729 nec
721 690 864 729 cedens
896 702 1011 729 causa
1042 690 1188 742 priori,

285 750 498 789 Successor
530 751 627 789 tanti
659 750 779 788 frater
810 749 971 787 honoris
1003 750 1100 787 erit.

224 808 319 847 Nam
352 809 423 848 tihi
455 810 606 848 finitum
640 819 820 859 summo,
854 806 1072 859 Graecine,
1104 805 1310 845 Decembri

160 875 202 906 60
280 867 490 918 Imperium
524 867 605 905 Iani
638 868 801 917 suscipit
832 865 895 903 ille
928 865 1012 904 die.

225 926 411 977 Quaeque
443 931 503 964 est
534 927 574 963 in
607 924 715 963 vobis
747 926 871 974 pietas
891 955 901 975 ,
933 924 1080 962 alterna
1113 923 1246 962 feretis

284 984 458 1035 Gaudia,
491 989 532 1022 tu
567 984 697 1022 fratris
731 982 929 1034 fascibus,
962 982 1025 1020 ille
1058 983 1159 1020 tuis.

226 1043 289 1081 Sic
322 1048 364 1082 tu
397 1042 456 1081 bis
490 1043 611 1080 fueris
644 1041 808 1093 consul,
840 1040 900 1078 bis
933 1039 1070 1079 consul
1101 1045 1140 1078 et
1170 1039 1259 1090 ille,

283 1101 405 1152 Inque
439 1100 551 1139 domo
584 1099 712 1138 bimus
745 1099 1009 1149 conspicietur
1040 1098 1188 1136 honor.

161 1167 203 1198 65
226 1159 301 1205 Qui
334 1171 567 1210 quamquam
595 1164 653 1196 est
684 1159 821 1208 ingens
840 1188 850 1208 ,
878 1161 916 1195 et
945 1156 1094 1195 nullum
1121 1155 1258 1195 Martia
1290 1167 1441 1194 summo

283 1217 408 1256 Altius
441 1218 649 1268 imperium
682 1215 841 1254 consule
874 1215 993 1253 Roma
1026 1215 1152 1266 videt,

226 1276 458 1327 Multiplicat
489 1280 618 1314 tamen
650 1274 754 1313 hunc
787 1275 953 1324 gravitas
987 1275 1158 1312 auctoris
1189 1272 1404 1325 honorem,

283 1334 332 1373 Et
363 1335 604 1372 maiestatem
637 1344 700 1371 res
733 1332 820 1370 data
852 1331 978 1370 dantis
1010 1331 1148 1370 habet.

225 1392 384 1431 Iudiciis
416 1394 537 1443 igitur
569 1391 684 1430 liceat
715 1390 932 1441 Flaccoque
963 1389 1114 1440 tibique

162 1459 206 1491 70
285 1451 444 1489 Talibus
476 1451 641 1501 Augusti
673 1455 828 1500 tempus
860 1450 899 1487 in
932 1460 1045 1486 omne
1078 1448 1177 1486 frui.

227 1509 338 1555 Quod
371 1514 500 1548 tamen
533 1521 554 1547 a
586 1519 718 1547 rerum
751 1519 844 1546 cura
876 1508 1060 1557 propiore
1092 1505 1265 1558 vacabit,

284 1567 379 1606 Vota
411 1579 552 1619 precor
582 1568 682 1605 votis
716 1565 843 1604 addite
876 1570 1003 1604 vestra
1034 1566 1155 1603 meis.

226 1626 275 1665 Et
307 1628 456 1676 siquem
484 1625 590 1664 dabit
622 1636 714 1664 aura
747 1625 901 1675 sinum,
934 1625 1073 1662 iactate
1105 1622 1316 1675 rudentes,
1366 1630 1443 1663 ‹128›

286 1684 407 1722 Exeat
439 1697 458 1722 e
493 1684 636 1735 Stygiis
667 1689 712 1722 ut
743 1694 827 1721 mea
858 1683 965 1720 navis
998 1683 1131 1732 aquis.

165 1751 206 1781 75
227 1742 401 1780 Praefuit
432 1742 518 1793 his,
552 1742 766 1791 Graecine,
806 1740 901 1778 locis
939 1740 1054 1778 modo
1086 1739 1274 1792 Flaccus;
1308 1744 1347 1777 et
1377 1738 1442 1777 illo

286 1800 383 1851 Ripa
416 1801 523 1838 ferox
556 1799 678 1837 Histri
711 1798 782 1836 sub
815 1798 913 1836 duce
946 1802 1030 1836 tuta
1062 1798 1160 1836 suit.

228 1858 299 1897 Hic
332 1860 459 1897 tenuit
490 1858 615 1909 Mysas
647 1862 782 1908 gentes
815 1858 853 1895 in
886 1867 980 1906 pace
1012 1854 1140 1895 fideli:

286 1916 358 1956 Hic
390 1929 482 1956 arcu
516 1917 606 1954 fisos
639 1916 782 1954 terruit
813 1926 905 1953 ense
939 1913 1076 1953 Getas.

227 1974 299 2014 Hic
332 1981 481 2025 raptam
514 1975 693 2013 Trosmin
727 1972 843 2011 celeri
877 1974 1018 2011 virtute
1051 1972 1222 2024 recepit,

163 2042 207 2073 80
287 2034 503 2085 Infecitque
537 2034 618 2071 sero
652 2032 838 2082 sanguine
870 2030 1108 2070 Danuvium.

230 2092 381 2138 Quaere
413 2092 488 2130 loci
521 2092 658 2130 faciem
692 2090 940 2141 Scythicique
972 2088 1217 2128 incommoda
1249 2087 1367 2140 caeli,

287 2150 336 2189 Et
369 2162 483 2201 quam
515 2151 640 2187 vicino
673 2154 823 2187 terrear
854 2147 996 2200 hoste,
1028 2159 1144 2197 roga:

231 2207 366 2247 Sintne
399 2209 488 2247 litae
521 2213 659 2246 tenues
693 2207 886 2258 serpentis
918 2205 1005 2244 felle
1039 2206 1220 2257 sagittae,

288 2266 372 2305 Fiat
404 2279 450 2305 an
483 2266 695 2305 humanum
728 2266 882 2303 victima
913 2264 995 2302 dira
1027 2269 1164 2314 caput:

165 2332 208 2364 85
229 2323 423 2376 Mentiar,
455 2336 502 2364 an
536 2330 646 2363 coeat
678 2324 840 2362 duratus
872 2323 1017 2373 frigore
1048 2321 1220 2373 Pontus,
