1570 2527
565 100 624 133 lv.
654 102 848 134 141-209.
1289 100 1373 142 289

209 207 412 259 Paenitet,
446 213 486 246 et
517 208 609 247 facti
641 208 722 247 sola
754 209 904 260 pudore
936 209 1052 249 latet:

153 265 241 305 Sive
273 266 376 317 quod
410 265 566 305 Electra
599 266 736 305 Troiae
770 273 947 318 spectare
981 270 1113 307 ruinas

208 323 294 363 Non
326 324 443 376 tulit,
477 330 566 364 ante
600 325 734 364 oculos
767 328 1028 378 opposuitque
1063 339 1242 366 manum.

292 415 330 457 3,
362 414 441 457 EC
504 417 542 457 4.
574 415 648 457 FC
671 428 1117 459 LVDI-MATR-MAG

151 499 228 539 Ter
261 501 343 538 sine
376 506 568 551 perpetuo
603 501 753 540 eaelum
785 510 965 540 versetur
997 504 1037 541 in
1070 515 1161 553 axe,

69 566 130 598 180
210 558 288 596 Ter
319 560 454 609 iungat
486 559 598 598 Titan
632 566 771 611 terque
804 561 972 599 resolvat
1004 574 1149 613 equos,

150 617 334 656 Protinus
367 617 508 656 inssexo
541 618 772 670 Berecyntia
806 619 899 658 tibia
932 632 1055 658 cornu

208 675 362 728 Flabit,
395 681 435 714 et
467 677 601 716 Idaeae
635 678 731 716 festa
764 680 940 729 parentis
973 684 1112 717 erunt.

151 734 268 773 Ibunt
299 736 526 774 semimares
560 742 598 774 et
629 737 757 775 inania
791 743 971 788 tympana
1004 737 1197 787 tundent,

209 793 387 844 Aeraque
421 795 586 833 tinnitus
620 807 709 833 aere
743 796 898 846 repulsa
932 795 1101 835 dabunt.

66 860 130 890 185
151 851 238 903 Ipsa
269 851 411 890 sedens
444 852 550 890 molli
583 855 768 891 comitum
802 856 953 892 cervice
988 855 1138 893 seretur

209 909 324 949 Urbis
356 922 426 961 per
458 911 605 950 medias
639 912 833 951 exululata
868 914 972 951 vias.

152 968 299 1008 Scaena
330 974 471 1022 sonat,
504 969 664 1021 ludique
697 978 863 1010 vocant.
921 977 1094 1022 spectate
1114 1003 1124 1023 ,
1159 971 1355 1023 Quirites,

210 1026 260 1066 Et
290 1028 373 1066 fora
405 1027 526 1067 Marte
560 1041 630 1067 suo
663 1029 829 1079 litigiosa
862 1036 1021 1069 vacent,

153 1085 352 1139 Quaerere
384 1086 504 1125 multa
536 1086 659 1139 libet,
693 1088 760 1126 sed
794 1101 855 1127 me
889 1101 1009 1127 sonus
1042 1090 1143 1127 aeris
1177 1091 1280 1128 acuti

67 1153 131 1183 190
210 1144 351 1183 Terret
383 1151 421 1184 et
452 1145 649 1185 horrendo
681 1146 782 1186 lotos
815 1147 965 1186 adunca
998 1160 1116 1186 sono.

154 1200 256 1254 ‘Da,
290 1203 390 1256 dea,
423 1216 538 1254 quem
573 1202 737 1244 sciter.'
796 1206 929 1244 doctas
962 1205 1140 1257 Cybeleia
1173 1212 1309 1257 neptes

211 1261 343 1314 Vidit,
376 1268 415 1300 et
448 1263 514 1301 has
548 1275 664 1302 curae
698 1265 813 1302 iussit
844 1264 980 1302 adesse
1014 1277 1145 1303 meae.

153 1317 334 1359 ‘Pandite
354 1351 365 1372 ,
396 1321 568 1360 mandati
600 1334 793 1361 memores
812 1354 822 1373 ,
856 1322 1053 1361 Helie-onis
1086 1323 1293 1376 alumnae,

210 1378 384 1418 Gaudeat
415 1380 572 1419 assiduo
606 1393 676 1420 cur
709 1381 779 1420 dea
812 1381 949 1432 Magna
982 1379 1123 1421 sono.'

66 1446 131 1476 195
154 1437 217 1477 Sic
250 1450 321 1489 ego
341 1469 350 1477 .
407 1440 463 1477 sic
496 1439 642 1479 Erato:
676 1462 719 1466 -
753 1442 898 1479 mensis
931 1440 1163 1492 Cythereius
1196 1440 1250 1479 illi

212 1496 367 1549 Cessit,
401 1497 503 1548 quod
528 1493 664 1537 'teneri
696 1511 839 1537 nomen
872 1501 1013 1538 amoris
1046 1499 1163 1538 habet
1194 1522 1240 1526 —

153 1551 340 1594 ‘Reddita
374 1555 543 1595 Saturno
577 1569 662 1595 sors
694 1556 789 1596 haec
823 1564 934 1609 erat,
968 1555 1144 1609 “optime
1177 1570 1338 1609 regum,

211 1614 240 1652 A
274 1620 363 1653 nato
397 1616 563 1666 sceptris
596 1618 795 1654 excutiere
829 1613 969 1655 tuis.''

151 1672 218 1711 Ille
252 1684 390 1726 suam,
424 1680 632 1726 metuenS,
665 1680 709 1713 ut
734 1687 912 1726 quaeque
946 1680 1030 1714 erat
1061 1675 1193 1728 edita,
1226 1675 1375 1726 prolem

65 1739 132 1771 200
211 1730 406 1784 Devorat,
438 1733 662 1772 immersam
694 1734 990 1786 visceribusque
1024 1740 1152 1773 tenet.

157 1789 279 1841 Saepe
312 1790 419 1829 Rhea
452 1798 589 1842 questa
621 1797 709 1844 est,
744 1794 887 1832 totiens
920 1793 1086 1831 fecunda
1119 1805 1192 1832 nec

584 1879 587 1883 »
882 1864 1068 1902 umquam

209 1907 333 1946 Mater
351 1938 362 1960 ,
395 1914 434 1947 et
465 1909 632 1948 indoluit
662 1909 863 1949 fertilitate
897 1923 989 1949 sua.

152 1965 327 2017 Iuppiter
359 1972 471 2005 ortus
503 1973 615 2007 erat:
647 1990 691 1994 —
723 1980 795 2019 pro
829 1980 967 2018 magna
999 1974 1098 2007 teste
1135 1974 1304 2009 vetustas

213 2024 424 2077 Creditur3
457 2032 656 2077 acceptam
688 2038 805 2077 parce
839 2039 995 2065 movere
1029 2028 1143 2066 fidem
1178 2048 1219 2054 ——

65 2090 132 2122 205
152 2082 267 2122 Veste
300 2083 424 2122 latens
457 2096 591 2123 saxum
626 2085 783 2124 caelesti
816 2091 974 2136 gutture
1009 2086 1130 2125 sedit.

212 2141 276 2181 Sic
308 2144 462 2193 genitor
495 2143 583 2181 fatis
616 2143 870 2195 decipiendus
903 2150 1007 2184 erat.

152 2200 283 2239 Ardua
314 2201 541 2241 iamdudum
574 2208 733 2241 resonat
766 2202 973 2242 tinnitibus
1006 2203 1095 2256 Ide,

212 2258 338 2298 Tutus
369 2267 414 2299 ut
444 2261 584 2300 infanti
616 2263 741 2312 vagiat
773 2274 840 2300 ore
872 2274 993 2313 puer.

152 2316 246 2356 Pars
279 2318 424 2370 clipeos
456 2319 666 2373 manibus,
698 2320 827 2372 galeas
858 2333 949 2373 pars
982 2320 1111 2360 tundit
1142 2322 1299 2359 inanes:

106 2388 212 2416 OVID.
249 2391 306 2419 111.
1125 2392 1165 2422 19
