1570 2527
171 131 257 173 302
707 131 962 164 FASTORUM

353 261 416 303 15.
449 261 487 302 A
513 260 932 302 FORD-N2Lvn1
998 262 1061 303 16.
1095 261 1178 303 BN
1199 275 1328 304 LVDI

289 356 418 395 Tertia
450 361 538 406 post
570 355 731 394 Veneris
764 369 853 395 cum
885 357 948 395 lux
982 359 1198 397 surrexerit
1229 358 1344 410 Idus,

200 423 267 453 630
348 414 585 466 Pontifices,
618 414 727 452 forda
759 427 867 453 sacra
900 415 1005 453 litate
1038 415 1156 455 bove.

289 472 413 510 Forda
448 472 580 511 serens
612 472 681 511 bos
714 479 774 511 est
806 473 1048 524 secundaque
1068 505 1078 525 ,
1111 474 1211 513 dicta
1244 474 1427 514 serendo:

347 530 445 569 Hinc
478 532 592 569 etiam
625 531 727 569 fetus
760 543 901 569 nomen
934 531 1077 570 habere
1110 538 1268 583 putant.

288 588 400 628 Nunc
433 589 633 639 gravidum
666 601 787 640 pecus
819 595 907 641 est,
939 590 1117 641 gravidae
1151 603 1254 630 nunc
1286 593 1432 630 semine

1013 655 1164 689 terrae:

346 704 493 744 Telluri
525 705 661 757 plenae
695 707 849 744 victima
881 706 992 757 plena
1019 706 1155 746 datur.

200 772 266 803 635
288 763 381 802 Pars
414 764 516 802 cadit
548 776 636 803 arce
670 763 796 815 Iovis,
830 770 889 803 ter
921 765 1039 803 denas
1072 767 1180 804 curia
1212 778 1345 805 vaccas

345 822 524 873 Accipit,
558 828 596 861 et
627 822 733 873 largo
767 835 899 873 sparsa
932 835 1072 862 cruore
1105 823 1255 863 madet.

287 882 355 919 Ast
387 881 453 919 ubi
485 880 701 919 visceribus
733 881 875 919 vitulos
906 894 1072 932 rapuere
1105 884 1296 933 ministri,

348 938 539 990 Sectaque
573 939 735 977 fumosis
768 946 853 978 exta
886 940 1027 978 dedere
1061 941 1180 991 focis,

288 997 377 1048 Igne
411 1004 558 1036 cremat
589 997 730 1035 vitulos
763 1010 861 1048 quae
894 1005 986 1036 natu
1018 1000 1183 1037 maxima
1216 998 1354 1050 Virgo,

199 1063 265 1094 640
345 1055 449 1094 Luce
483 1055 581 1094 Palis
613 1055 778 1106 populos
809 1062 951 1107 purget
983 1063 1025 1095 ut
1055 1057 1118 1095 ille
1152 1058 1271 1095 cinis.

285 1113 388 1163 Rege
422 1113 574 1165 Numa,
607 1115 737 1152 fructu
771 1126 846 1152 non
880 1114 1142 1165 respondente
1174 1114 1324 1167 labori,

345 1172 462 1210 Inrita
496 1172 649 1222 decepti
682 1178 768 1210 vota
801 1171 963 1211 colentis
996 1178 1132 1211 erant.

285 1229 379 1268 Nam
414 1230 526 1268 modo
560 1232 688 1268 siccus
721 1236 803 1269 erat
834 1230 970 1281 gelidis
1002 1231 1247 1282 aquilonibus
1280 1243 1425 1284 annus,

343 1287 454 1326 Nunc
487 1300 577 1339 ager
610 1288 763 1327 assidua
796 1289 1015 1328 luxuriabat
1046 1301 1166 1340 aqua.

198 1355 264 1386 645
287 1346 409 1397 Saepe
442 1346 560 1385 Ceres
592 1348 729 1398 primis
761 1347 960 1386 dominum
992 1347 1147 1387 fallebat
1177 1350 1216 1386 in
1249 1347 1404 1400 herbis,

343 1404 391 1443 Et
424 1405 518 1443 levis
551 1405 710 1443 obsesso
743 1405 869 1444 stabat
900 1418 1018 1444 avena
1050 1407 1154 1458 solo,

284 1463 334 1501 Et
366 1475 488 1513 pecus
520 1470 607 1502 ante
641 1463 742 1502 diem
775 1471 910 1515 partus
942 1464 1080 1503 edebat
1112 1464 1295 1517 acerbOS,

343 1522 527 1572 Agnaque
560 1522 754 1560 nascendo
787 1535 901 1573 saepe
934 1523 1095 1561 necabat
1127 1535 1260 1562 ovem.

287 1579 386 1618 Silva
420 1586 530 1618 vetus
563 1580 744 1630 nullaque
778 1580 843 1618 diu
878 1581 1014 1620 violata
1046 1583 1176 1620 securi

198 1646 264 1677 650
345 1638 506 1689 Stabat,
538 1638 724 1677 Maenalio
757 1651 866 1677 sacra
898 1639 1033 1678 relicta
1065 1640 1159 1678 de0.

283 1696 350 1734 Ille
384 1696 497 1735 dabat
530 1699 655 1735 tacitis
688 1698 814 1735 animo
847 1709 1034 1749 responsa
1067 1699 1197 1748 quieto

344 1754 560 1793 Noctibus.
617 1755 679 1792 hic
711 1757 884 1805 geminas
916 1768 984 1794 rex
1016 1755 1139 1794 Numa
1173 1761 1314 1794 mactat
1344 1767 1455 1794 oves.

283 1811 410 1850 Prima
443 1812 545 1851 cadit
576 1812 737 1864 Fauno,
769 1813 847 1851 leni
879 1813 980 1852 cadit
1012 1813 1131 1852 altera
1165 1813 1331 1853 Somno:

344 1871 540 1910 Sternitur
573 1872 611 1909 in
645 1871 742 1909 duro
776 1871 897 1909 vellus
932 1878 1140 1922 utrumque
1173 1872 1276 1911 solo.

197 1937 262 1968 655
283 1928 347 1967 Bis
381 1936 496 1980 caput
527 1931 726 1968 intonsum
757 1930 912 1967 fontana
945 1932 1141 1980 spargitur
1175 1930 1299 1981 unda,

342 1987 406 2025 Bis
439 2000 507 2026 sua
541 1988 688 2038 faginea
721 1994 895 2038 tempora
928 1988 1064 2026 fronde
1096 1990 1259 2039 premit.

284 2045 385 2085 Usus
418 2045 527 2084 abest
560 2045 749 2097 Veneris,
781 2058 853 2084 nec
885 2046 940 2084 fas
973 2046 1148 2084 animalia
1181 2049 1324 2086 mensis

343 2104 523 2155 Ponere,
557 2116 627 2142 nec
661 2104 790 2155 digitis
824 2104 961 2143 anulus
995 2104 1096 2143 ullus
1127 2106 1251 2143 inest.

284 2162 398 2201 Veste
432 2162 519 2201 rudi
551 2168 679 2200 tectus
712 2175 828 2213 supra
861 2175 957 2200 nova
990 2163 1130 2200 vellera
1162 2174 1304 2213 corpus

197 2229 263 2259 660
344 2221 487 2272 Ponit,
520 2220 677 2258 adorato
710 2233 779 2271 per
812 2233 880 2259 sua
912 2220 1028 2259 verba
1060 2220 1157 2259 deo.
1275 2269 1279 2273 .

286 2278 437 2316 Interea
471 2278 659 2329 placidam
693 2279 870 2317 redimita
902 2291 1091 2329 papavere
1124 2280 1292 2317 frontem

344 2336 425 2374 Nox
460 2339 592 2389 venit,
626 2343 664 2375 et
697 2349 829 2376 secum
863 2339 1009 2375 somnia
1042 2338 1149 2387 nigra
1183 2337 1321 2383 trahit.
