1570 2527
115 125 198 165 174
654 126 718 157 EX
742 125 899 158 PONTO

291 234 487 284 Discipulo
521 234 619 284 perii
652 232 757 271 solus
790 232 836 271 ab
868 234 951 284 ipse
986 245 1092 272 meo.

231 292 329 330 Dum
363 293 498 329 damus
530 303 635 329 arma
668 291 767 341 11111,
800 291 891 329 dum
923 297 990 343 te,
1029 291 1199 342 lascive,
1238 291 1445 344 docemus,

290 350 392 388 Η300
425 357 461 387 10
495 349 685 400 discipulo
719 350 817 387 dona
850 351 1034 400 magister
1067 349 1204 388 habet.

233 408 317 446 Scis
351 415 508 458 tamen,
542 414 585 446 ut
615 408 761 458 liquido
794 410 945 446 iuratus
978 408 1107 446 dicere
1140 409 1290 460 possis,

168 476 210 505 50
290 466 374 503 Non
408 478 468 503 me
500 466 692 516 legitimos
725 465 952 504 sollicitasse
984 471 1114 504 toros.

233 524 469 574 Scripsimus
502 524 597 562 haec
629 524 703 562 illis
723 555 732 572 ,
766 536 931 574 quarum
964 536 1035 562 nec
1067 525 1160 562 vitta
1191 524 1354 576 pudicos

290 582 487 633 Contingit
519 584 677 634 crines,
710 594 782 621 1100
815 582 912 621 stola
944 582 1056 632 longa
1087 583 1229 633 pedes.

231 640 299 679 Dic
319 672 329 692 ,
361 653 501 691 precor
521 672 531 692 ,
564 641 764 691 ecquando
798 641 967 679 didicisti
1000 640 1131 679 fallere
1164 646 1305 691 nuptas

290 698 340 737 Et
372 699 499 737 facere
531 701 726 737 incertum
758 711 828 750 per
861 711 945 737 mea
976 701 1081 737 iussa
1113 697 1270 750 genus?

166 766 208 796 55
231 758 288 795 An
323 758 372 795 sit
404 757 449 795 ab
482 757 542 796 his
575 759 700 796 omnis
732 757 856 808 rigide
889 763 1081 796 summota
1112 757 1275 809 libellis,

291 816 413 861 Quam
446 815 508 854 lex
540 817 704 854 furtivos
737 822 844 854 arcet
874 815 1017 854 habere
1051 813 1190 854 viros?

232 874 333 920 Quid
367 880 496 913 tamen
528 874 601 912 hoc
633 874 822 925 prodest,
856 875 963 912 vetiti
995 875 1028 912 si
1060 873 1143 923 lege
1177 886 1311 912 severa

290 932 437 970 Credor
470 932 650 970 adulterii
683 934 947 983 composuisse
980 938 1090 970 notas
1110 930 1131 970 ‘?

231 990 279 1028 At
312 997 376 1029 tu:
409 992 464 1029 sic
496 990 638 1028 habeas
671 991 857 1028 ferientes
890 996 1030 1029 cuncta
1063 991 1242 1040 sagittas,

168 1057 211 1088 60
292 1048 355 1087 Sic
389 1061 599 1099 numquam
633 1049 766 1099 rapido
799 1048 993 1099 lampades
1025 1050 1113 1098 igne
1146 1054 1305 1087 vacent:

233 1107 297 1145 Sic
330 1113 439 1157 regat
470 1108 679 1157 imperium
712 1113 915 1156 terrasque
948 1111 1127 1145 00010031
1159 1118 1294 1145 01111105

291 1165 459 1215 Caesar,
493 1165 538 1203 ab
571 1166 700 1203 Aenea
733 1172 792 1203 est
825 1167 891 1215 qui
923 1164 993 1203 tibi
1025 1165 1145 1203 fratre
1176 1169 1292 1203 tuus:

231 1223 382 1274 Effice,
416 1225 466 1261 sit
497 1223 607 1261 nobis
640 1235 717 1261 11011
750 1222 990 1273 inplacabilis
1022 1224 1103 1274 ira,

291 1281 429 1332 Meque
463 1281 547 1320 loco
580 1281 697 1332 plecti
730 1281 992 1319 commodiore
1027 1278 1153 1319 velit.'

169 1348 210 1379 65
233 1339 336 1378 Haec
369 1352 439 1390 ego
473 1341 578 1378 visus
612 1351 717 1378 eram
750 1352 872 1390 puero
905 1340 1048 1378 dixisse
1080 1338 1249 1377 volucri.
1389 1347 1446 1381 (8⁷)

292 1397 371 1436 Hos
404 1399 509 1436 visus
542 1397 654 1436 nobis
686 1398 748 1436 ille
781 1397 934 1437 dedisse
967 1409 1106 1436 sonos:

235 1453 331 1494 ePer
362 1468 446 1494 mea
480 1456 584 1508 tela,
618 1456 721 1495 faces
755 1462 793 1494 et
823 1468 893 1507 per
925 1468 1009 1494 mea
1041 1455 1116 1494 tela
1135 1487 1146 1507 ,
1178 1457 1359 1509 sagittas,

292 1515 365 1553 Per
398 1520 562 1553 matrem
594 1516 680 1553 iuro
714 1514 1024 1564 Caesareumque
1057 1519 1196 1566 caput,

232 1572 292 1611 Nil
325 1574 399 1611 nisi
432 1585 661 1612 concessum
689 1585 760 1611 nos
792 1579 829 1611 te
862 1572 1044 1611 didicisse
1076 1574 1283 1624 magistro,

171 1639 212 1670 70
293 1631 453 1669 Artibus
486 1637 525 1670 et
556 1631 704 1669 nullum
738 1633 885 1669 crimen
917 1633 1045 1669 inesse
1078 1632 1178 1670 tuis.

233 1689 361 1740 thue
394 1690 496 1740 hoc,
530 1691 585 1728 sic
617 1692 764 1728 utinam
798 1689 1007 1727 defendere
1041 1695 1170 1727 cetera
1201 1687 1360 1739 posses!

294 1748 378 1785 Scis
411 1747 512 1785 aliud
532 1778 542 1797 ,
575 1747 677 1797 quod
711 1754 747 1785 te
780 1747 963 1798 laeserit,
997 1758 1110 1798 esse,
1143 1749 1286 1797 magis.

234 1805 430 1856 Quidquid
456 1805 494 1843 id
522 1811 607 1856 est,
633 1817 760 1855 neque
788 1807 890 1843 enim
912 1804 1026 1842 debet
1046 1804 1156 1842 dolor
1181 1806 1264 1855 ipse
1290 1805 1447 1857 referri,

293 1864 377 1902 Non
410 1870 522 1914 potes
555 1876 575 1901 a
608 1863 719 1913 culpa
752 1862 1049 1901 dicere.abesse
1083 1868 1170 1901 tua.

172 1931 214 1962 75
235 1922 294 1961 Tu
327 1922 418 1960 11001
450 1923 595 1960 0110115
628 1921 700 1959 sub
733 1923 898 1971 imagine
932 1923 1080 1959 crimen
1112 1920 1345 1975 obumbres,

295 1980 379 2019 Non
411 1982 564 2031 gravior
596 1981 734 2018 merito
767 1979 929 2017 vindicis
960 1980 1017 2017 ira
1049 1979 1144 2018 fuit.

235 2038 285 2078 Ut
317 2046 445 2077 tamen
478 2040 693 2090 aspicerem
726 2038 1026 2088 consolarerque
1058 2039 1272 2089 iacentem,

295 2097 417 2148 Lapsa
450 2109 520 2148 per
552 2099 748 2135 inmensas
780 2102 839 2134 est
870 2108 954 2133 mea
985 2097 1102 2146 pinna
1133 2097 1237 2134 vias.

236 2155 339 2193 Haec
372 2155 454 2193 loca
486 2162 579 2193 tunc
611 2157 781 2206 primum
814 2154 919 2205 vidi,
954 2166 1042 2192 cum
1074 2160 1198 2192 matre
1230 2158 1389 2204 rogante

173 2221 216 2252 80
296 2213 455 2251 Phasias
488 2219 547 2252 est
578 2214 665 2252 telis
698 2214 770 2251 fixa
802 2212 929 2264 puella
961 2213 1080 2250 meis.

238 2271 344 2317 Quae
378 2284 448 2310 0111
480 2284 584 2310 1111110
616 2273 758 2310 iterum
791 2277 879 2321 post
911 2270 1063 2308 saecula
1094 2269 1206 2320 longa
1238 2270 1425 2322 revisam,

296 2330 355 2368 Tu
388 2330 511 2382 facis,
545 2342 566 2368 0
600 2331 738 2368 0351115
770 2329 881 2367 miles
914 2329 1034 2366 amice
1069 2329 1186 2367 meis.
