1570 2527
598 109 657 143 1v.
686 110 812 143 1—71.
1288 108 1375 149 285

89 224 133 257 35
153 217 359 256 Proximus
390 216 611 268 Anchises,
643 229 731 256 cum
765 229 842 269 quo
876 229 1081 256 commune
1114 218 1288 267 parentis

211 275 297 314 Non
328 275 534 326 dedignata
566 281 626 314 est
657 287 799 314 nomen
831 275 976 314 habere
1008 275 1161 315 Venus.

153 333 252 372 Hinc
284 339 391 373 satus
423 335 573 373 Aeneas
593 365 603 384 ,
633 335 759 385 pietas
791 340 964 385 spectata
995 346 1066 385 per
1097 335 1233 385 ignes,

212 391 330 431 Sacra
361 398 592 444 patremque
624 393 772 431 umeris
791 424 802 445 ,
834 392 954 431 altera
987 404 1096 431 sacra
1114 423 1124 445 ,
1156 392 1269 432 tulit.

152 449 338 490 Venimus
371 451 417 490 ad
450 451 541 490 felix
573 450 779 502 aliquando
812 463 955 490 nomen
987 451 1083 503 Iuli,

88 516 133 548 40
214 508 323 547 Unde
356 509 494 548 domus
526 509 701 549 Teucros
732 509 829 548 Iulia
861 511 985 560 tangit
1017 521 1129 548 avos.

153 567 364 606 Postumus
396 568 518 620 hinc,
556 570 623 619 qui
656 568 759 619 quod
793 568 898 607 silvis
935 568 1010 607 suit
1042 574 1152 607 ortus
1190 569 1231 607 in
1263 568 1375 620 altis,

213 626 356 665 Silvius
388 628 428 665 in
460 626 567 665 Latia
599 632 714 678 gente
746 632 906 666 vocatus
939 633 1044 665 erat.

153 683 268 735 Isque
288 716 298 736 ‚
330 684 465 724 Latine
484 717 495 737 ,
528 684 599 724 tibi
630 691 740 736 pater
773 691 861 724 est.
918 685 1025 724 subit
1050 685 1145 723 Alba
1174 684 1375 725 Latinum:

212 742 418 782 Proximus
451 750 511 783 est
543 743 667 782 titulis
699 743 849 795 Epytus
869 775 879 795 ,
910 743 1005 782 Alba
1024 774 1035 795 ‚
1067 745 1169 783 tuis.

89 809 134 840 45
154 800 221 840 Ille
255 801 361 840 dedit
393 802 511 853 Capyi
542 802 713 841 recidiva
744 801 929 841 vocabula
961 802 1099 840 Troiae

213 859 263 898 Et
294 865 386 898 tuus
418 866 479 899 est
509 860 612 899 idem
632 892 642 912 ,
674 860 860 912 Calpete,
894 860 1019 899 factus
1052 872 1169 899 avus.

154 917 329 969 Cumque
356 920 478 969 patris
510 930 676 970 regnum
702 925 792 970 post
816 918 921 957 hunc
947 917 1158 958 Tiberinus
1190 918 1376 971 haberet,

212 977 367 1015 Dicitur
398 979 438 1016 in
471 977 621 1016 Tuscae
654 979 808 1028 gurgite
840 989 994 1016 mersus
1027 989 1172 1028 aquae.

153 1034 233 1073 Iam
264 1041 394 1074 tamen
425 1036 624 1087 Agrippan
655 1042 789 1075 natum
821 1035 1108 1087 Remulumque
1141 1041 1324 1087 nepotem

92 1100 135 1132 50
215 1093 401 1133 Viderat.
457 1096 497 1132 in
529 1094 738 1133 Remulum
770 1094 933 1133 fulmina
964 1095 1081 1133 missa
1114 1095 1269 1134 serunt.

154 1150 269 1191 Venit
299 1152 514 1191 Aventinus
544 1159 633 1204 post
664 1153 736 1191 hos
755 1184 765 1204 ,
797 1153 907 1192 locus
938 1152 1042 1192 unde
1075 1159 1259 1204 vocatur,

212 1210 323 1249 Mons
356 1223 512 1262 quoque
533 1241 541 1249 .
597 1216 686 1262 post
722 1211 832 1249 illum
871 1211 1012 1250 tradita
1052 1223 1173 1261 regna
1205 1211 1376 1251 Procae.

155 1268 280 1314 Quem
312 1271 492 1320 sequitur
524 1270 613 1308 duri
643 1269 824 1308 Numitor
855 1281 1064 1320 germanus
1095 1269 1245 1309 Amuli.

213 1327 280 1366 Ilia
313 1340 403 1366 cum
434 1327 560 1367 Lauso
594 1328 640 1367 de
672 1328 876 1367 Numitore
910 1329 1006 1366 sati.

91 1392 134 1424 55
154 1385 258 1424 Ense
291 1386 394 1425 cadit
424 1392 563 1438 patruo
596 1386 747 1426 Lausus
768 1418 776 1425 .
832 1386 959 1437 placet
990 1385 1058 1425 Ilia
1090 1385 1229 1438 Marti,

214 1444 347 1495 Teque
379 1447 510 1496 parit,
542 1447 695 1496 gemino
728 1446 861 1484 iuncte
894 1444 1057 1490 Quirine
1090 1444 1234 1483 Remo.

154 1502 221 1541 Ille
254 1515 346 1542 suos
378 1515 533 1554 semper
563 1503 755 1542 Venerem
786 1504 1028 1554 Martemque
1060 1509 1243 1553 parentes

214 1561 346 1614 Dixit,
379 1569 418 1601 et
449 1563 618 1601 emeruit
647 1564 754 1601 vocis
785 1561 930 1601 habere
962 1561 1105 1600 fidem:

155 1618 258 1659 Neve
292 1623 468 1659 secuturi
498 1627 661 1672 possent
691 1622 845 1660 nescire
877 1625 1064 1671 nepotes,

94 1686 137 1717 60
215 1677 408 1729 Tempora
436 1680 499 1731 'dis
531 1681 686 1730 generis
719 1681 942 1718 continuata
976 1679 1104 1717 dedit.

157 1736 232 1776 Sed
265 1736 426 1776 Veneris
458 1750 632 1777 mensem
665 1738 779 1776 Graio
812 1749 993 1776 sermone
1025 1742 1201 1776 notatum

212 1795 423 1848 Auguror3
456 1809 477 1835 a
508 1798 658 1848 spumis
690 1802 751 1835 est
780 1796 853 1835 dea
884 1795 987 1835 dicta
1018 1797 1137 1834 maris
1155 1827 1163 1835 .

154 1853 235 1893 Nec
266 1854 338 1893 tibi
370 1856 420 1894 sit
452 1856 596 1894 mirum
627 1855 775 1894 Graeco
807 1867 892 1894 rem
924 1856 1080 1893 nomine
1113 1854 1214 1906 dici;
1301 1864 1375 1896 (116)

213 1912 306 1951 Itala
337 1925 427 1952 nam
457 1913 573 1952 tellus
606 1913 767 1952 Graecia
797 1915 920 1952 maior
953 1918 1063 1951 erat.

93 1978 136 2010 65
156 1969 323 2009 Venerat
353 1970 533 2011 Evander
563 1971 676 2023 plena
709 1984 799 2010 cum
831 1971 954 2010 classe
986 1982 1172 2009 suorum:

214 2027 382 2068 Venerat
411 2029 594 2081 Alcides,
627 2029 766 2068 Graius
798 2036 965 2080 uterque
999 2041 1145 2080 genus.

155 2085 306 2138 Hospes
338 2088 540 2127 Aventinis
572 2093 792 2127 armentum
823 2089 928 2139 pavit
959 2088 999 2126 in
1030 2086 1164 2125 herbis

215 2145 390 2197 Claviger
407 2178 418 2198 ‚
450 2152 490 2185 et
520 2152 627 2185 tanto
660 2152 720 2185 est
750 2145 886 2185 Albula
919 2151 1008 2197 pota
1041 2146 1136 2185 deo.

156 2202 241 2242 Dux
273 2216 428 2255 quoque
459 2204 664 2257 Neritius3
696 2211 817 2244 testes
848 2204 1133 2255 Laestrygones
1166 2209 1298 2243 extant

93 2269 137 2301 70
215 2261 264 2301 Et
296 2263 398 2314 quod
431 2262 557 2302 adhuc
591 2263 723 2302 Circes
755 2264 912 2302 nomina
944 2263 1036 2302 litus
1069 2262 1208 2302 habet.

155 2318 205 2358 Et
234 2321 311 2360 iam
342 2321 557 2375 Telegoni,
589 2323 665 2360 iam
697 2323 850 2361 moenia
881 2321 1039 2360 Tiburis
1071 2321 1139 2360 udi
