<?xml version="1.0" encoding="UTF-8"?>
<!DOCTYPE html PUBLIC "-//W3C//DTD XHTML 1.0 Transitional//EN"
    "http://www.w3.org/TR/xhtml1/DTD/xhtml1-transitional.dtd">
<html xmlns="http://www.w3.org/1999/xhtml" xml:lang="en" lang="en">
 <head>
  <title>
</title>
<meta http-equiv="Content-Type" content="text/html;charset=utf-8" />
  <meta name='ocr-system' content='tesseract 3.04.00' />
  <meta name='ocr-capabilities' content='ocr_page ocr_carea ocr_par ocr_line ocrx_word'/>
</head>
<body>
  <div class='ocr_page' id='page_1' title='image "./ovidopera03oviduoft_0083.png"; bbox 0 0 1570 2527; ppageno 0'>
   <div class='ocr_carea' id='block_1_1' title="bbox 595 118 1400 158">
    <p class='ocr_par' dir='ltr' id='par_1_1' title="bbox 595 118 1400 158">
     <span class='ocr_line' id='line_1_1' title="bbox 595 118 1400 158; baseline 0.009 -7"><span class='ocrx_word' id='word_1_1' title='bbox 595 120 641 152; x_wconf 89' lang='lat'>11.</span> <span class='ocrx_word' id='word_1_2' title='bbox 670 122 865 153; x_wconf 76' lang='lat'>210—283.</span> <span class='ocrx_word' id='word_1_3' title='bbox 1346 118 1400 158; x_wconf 82' lang='grc'>29</span> 
     </span>
    </p>
   </div>
   <div class='ocr_carea' id='block_1_2' title="bbox 93 227 1409 2372">
    <p class='ocr_par' dir='ltr' id='par_1_2' title="bbox 93 227 1409 2372">
     <span class='ocr_line' id='line_1_2' title="bbox 179 227 1239 280; baseline -0.003 -11"><span class='ocrx_word' id='word_1_4' title='bbox 179 227 288 269; x_wconf 74' lang='lat' dir='ltr'>‘Este</span> <span class='ocrx_word' id='word_1_5' title='bbox 319 227 486 280; x_wconf 89' lang='lat' dir='ltr'>procul,</span> <span class='ocrx_word' id='word_1_6' title='bbox 518 228 635 266; x_wconf 90' lang='lat' dir='ltr'>vittae</span> <span class='ocrx_word' id='word_1_7' title='bbox 667 232 835 279; x_wconf 86' lang='lat' dir='ltr'>tenues,</span> <span class='ocrx_word' id='word_1_8' title='bbox 867 228 1020 277; x_wconf 84' lang='lat' dir='ltr'><strong>insigne</strong></span> <span class='ocrx_word' id='word_1_9' title='bbox 1052 227 1239 278; x_wconf 84' lang='lat' dir='ltr'>pudoris,</span> 
     </span>
     <span class='ocr_line' id='line_1_3' title="bbox 181 284 1164 338; baseline -0.003 -11"><span class='ocrx_word' id='word_1_10' title='bbox 181 288 366 338; x_wconf 84' lang='lat' dir='ltr'>Quaeque</span> <span class='ocrx_word' id='word_1_11' title='bbox 400 287 499 337; x_wconf 90' lang='lat' dir='ltr'>tegis</span> <span class='ocrx_word' id='word_1_12' title='bbox 530 285 679 324; x_wconf 89' lang='lat' dir='ltr'>medios</span> <span class='ocrx_word' id='word_1_13' title='bbox 711 286 846 324; x_wconf 89' lang='lat' dir='ltr'>instita</span> <span class='ocrx_word' id='word_1_14' title='bbox 878 285 990 336; x_wconf 87' lang='lat' dir='ltr'>longa</span> <span class='ocrx_word' id='word_1_15' title='bbox 1021 284 1164 336; x_wconf 81' lang='lat' dir='ltr'>pedes!</span> 
     </span>
     <span class='ocr_line' id='line_1_4' title="bbox 180 344 1270 396; baseline -0.003 -11"><span class='ocrx_word' id='word_1_16' title='bbox 180 347 242 385; x_wconf 88' lang='lat' dir='ltr'>Nil</span> <span class='ocrx_word' id='word_1_17' title='bbox 272 346 349 384; x_wconf 89' lang='lat' dir='ltr'>nisi</span> <span class='ocrx_word' id='word_1_18' title='bbox 379 344 597 396; x_wconf 88' lang='lat' dir='ltr'>legitimum</span> <span class='ocrx_word' id='word_1_19' title='bbox 628 355 892 394; x_wconf 88' lang='lat' dir='ltr'>concessaque</span> <span class='ocrx_word' id='word_1_20' title='bbox 926 344 1030 382; x_wconf 81' lang='lat' dir='ltr'>furta</span> <span class='ocrx_word' id='word_1_21' title='bbox 1061 356 1270 396; x_wconf 81' lang='lat' dir='ltr'>canemus,</span> 
     </span>
     <span class='ocr_line' id='line_1_5' title="bbox 93 402 1127 455; baseline -0.004 -11"><span class='ocrx_word' id='word_1_22' title='bbox 93 412 160 444; x_wconf 86' lang='grc'>250</span> <span class='ocrx_word' id='word_1_23' title='bbox 180 405 302 455; x_wconf 87' lang='lat' dir='ltr'>Inque</span> <span class='ocrx_word' id='word_1_24' title='bbox 334 415 421 442; x_wconf 87' lang='lat' dir='ltr'>meo</span> <span class='ocrx_word' id='word_1_25' title='bbox 454 402 603 441; x_wconf 91' lang='lat' dir='ltr'>nullum</span> <span class='ocrx_word' id='word_1_26' title='bbox 637 403 809 440; x_wconf 82' lang='lat' dir='ltr'>carmine</span> <span class='ocrx_word' id='word_1_27' title='bbox 845 403 993 440; x_wconf 88' lang='lat' dir='ltr'>crimen</span> <span class='ocrx_word' id='word_1_28' title='bbox 1026 403 1127 441; x_wconf 72' lang='lat' dir='ltr'>erit.²</span> 
     </span>
     <span class='ocr_line' id='line_1_6' title="bbox 180 460 1300 514; baseline -0.002 -13"><span class='ocrx_word' id='word_1_29' title='bbox 180 462 332 514; x_wconf 88' lang='lat' dir='ltr'>Ecquid</span> <span class='ocrx_word' id='word_1_30' title='bbox 363 461 409 500; x_wconf 89' lang='lat' dir='ltr'>ab</span> <span class='ocrx_word' id='word_1_31' title='bbox 442 461 514 500; x_wconf 89' lang='lat' dir='ltr'>hac</span> <span class='ocrx_word' id='word_1_32' title='bbox 546 472 680 499; x_wconf 91' lang='lat' dir='ltr'>omnes</span> <span class='ocrx_word' id='word_1_33' title='bbox 713 460 836 511; x_wconf 83' lang='lat' dir='ltr'>rigide</span> <span class='ocrx_word' id='word_1_34' title='bbox 870 462 1151 499; x_wconf 83' lang='lat' dir='ltr'>summovimus</span> <span class='ocrx_word' id='word_1_35' title='bbox 1183 460 1300 513; x_wconf 88' lang='lat' dir='ltr'>Arte,</span> 
     </span>
     <span class='ocr_line' id='line_1_7' title="bbox 181 516 1175 570; baseline -0.002 -10"><span class='ocrx_word' id='word_1_36' title='bbox 181 522 287 568; x_wconf 88' lang='lat' dir='ltr'>Quas</span> <span class='ocrx_word' id='word_1_37' title='bbox 319 520 417 559; x_wconf 89' lang='lat' dir='ltr'>stola</span> <span class='ocrx_word' id='word_1_38' title='bbox 448 520 622 570; x_wconf 88' lang='lat' dir='ltr'>contingi</span> <span class='ocrx_word' id='word_1_39' title='bbox 647 520 819 569; x_wconf 85' lang='lat' dir='ltr'>vittaque</span> <span class='ocrx_word' id='word_1_40' title='bbox 852 526 1005 570; x_wconf 86' lang='lat' dir='ltr'>sumpta</span> <span class='ocrx_word' id='word_1_41' title='bbox 1038 516 1175 558; x_wconf 75' lang='lat' dir='ltr'>vetat?</span> 
     </span>
     <span class='ocr_line' id='line_1_8' title="bbox 182 577 1078 629; baseline -0.004 -10"><span class='ocrx_word' id='word_1_42' title='bbox 182 577 246 619; x_wconf 74' lang='lat' dir='ltr'>‘At</span> <span class='ocrx_word' id='word_1_43' title='bbox 277 585 452 618; x_wconf 88' lang='lat' dir='ltr'>matrona</span> <span class='ocrx_word' id='word_1_44' title='bbox 483 583 614 629; x_wconf 85' lang='lat' dir='ltr'>potest</span> <span class='ocrx_word' id='word_1_45' title='bbox 646 577 781 616; x_wconf 89' lang='lat' dir='ltr'>alienis</span> <span class='ocrx_word' id='word_1_46' title='bbox 814 577 965 616; x_wconf 89' lang='lat' dir='ltr'>artibus</span> <span class='ocrx_word' id='word_1_47' title='bbox 997 579 1078 629; x_wconf 80' lang='lat' dir='ltr'>uti7</span> 
     </span>
     <span class='ocr_line' id='line_1_9' title="bbox 183 632 1305 688; baseline -0.003 -11"><span class='ocrx_word' id='word_1_48' title='bbox 183 637 373 688; x_wconf 86' lang='lat' dir='ltr'>Quodque</span> <span class='ocrx_word' id='word_1_49' title='bbox 406 636 565 687; x_wconf 82' lang='lat' dir='ltr'>trahat,</span> <span class='ocrx_word' id='word_1_50' title='bbox 597 637 772 686; x_wconf 91' lang='lat' dir='ltr'>quamvis</span> <span class='ocrx_word' id='word_1_51' title='bbox 804 648 882 674; x_wconf 89' lang='lat' dir='ltr'>non</span> <span class='ocrx_word' id='word_1_52' title='bbox 914 635 1101 674; x_wconf 86' lang='lat' dir='ltr'>doceatur</span> <span class='ocrx_word' id='word_1_53' title='bbox 1119 666 1129 687; x_wconf 88' lang='lat'><em>,</em></span> <span class='ocrx_word' id='word_1_54' title='bbox 1160 632 1305 674; x_wconf 68' lang='lat' dir='ltr'>habet?</span> 
     </span>
     <span class='ocr_line' id='line_1_10' title="bbox 93 693 1308 746; baseline -0.002 -11"><span class='ocrx_word' id='word_1_55' title='bbox 93 704 160 736; x_wconf 88' lang='grc'>255</span> <span class='ocrx_word' id='word_1_56' title='bbox 181 696 243 735; x_wconf 91' lang='lat' dir='ltr'>Nil</span> <span class='ocrx_word' id='word_1_57' title='bbox 273 697 394 746; x_wconf 90' lang='lat' dir='ltr'>igitur</span> <span class='ocrx_word' id='word_1_58' title='bbox 425 701 601 733; x_wconf 82' lang='lat' dir='ltr'>matrona</span> <span class='ocrx_word' id='word_1_59' title='bbox 632 694 762 745; x_wconf 89' lang='lat' dir='ltr'>legat,</span> <span class='ocrx_word' id='word_1_60' title='bbox 796 696 885 745; x_wconf 89' lang='lat' dir='ltr'>quia</span> <span class='ocrx_word' id='word_1_61' title='bbox 918 696 1089 732; x_wconf 81' lang='lat' dir='ltr'>carmine</span> <span class='ocrx_word' id='word_1_62' title='bbox 1121 693 1168 732; x_wconf 88' lang='lat' dir='ltr'>ab</span> <span class='ocrx_word' id='word_1_63' title='bbox 1201 695 1308 732; x_wconf 90' lang='lat' dir='ltr'>omni</span> 
     </span>
     <span class='ocr_line' id='line_1_11' title="bbox 179 751 1065 804; baseline -0.005 -10"><span class='ocrx_word' id='word_1_64' title='bbox 179 755 238 794; x_wconf 87' lang='lat' dir='ltr'>Ad</span> <span class='ocrx_word' id='word_1_65' title='bbox 270 752 576 804; x_wconf 91' lang='lat' dir='ltr'>delinquendum</span> <span class='ocrx_word' id='word_1_66' title='bbox 609 751 761 790; x_wconf 83' lang='lat' dir='ltr'>doctior</span> <span class='ocrx_word' id='word_1_67' title='bbox 794 764 879 790; x_wconf 90' lang='lat' dir='ltr'>esse</span> <span class='ocrx_word' id='word_1_68' title='bbox 911 758 1065 802; x_wconf 90' lang='lat' dir='ltr'>potest.</span> 
     </span>
     <span class='ocr_line' id='line_1_12' title="bbox 182 810 1349 862; baseline -0.003 -10"><span class='ocrx_word' id='word_1_69' title='bbox 182 811 467 862; x_wconf 84' lang='lat' dir='ltr'>Quodcumque</span> <span class='ocrx_word' id='word_1_70' title='bbox 501 811 700 861; x_wconf 86' lang='lat' dir='ltr'>attigerit,</span> <span class='ocrx_word' id='word_1_71' title='bbox 733 811 843 861; x_wconf 91' lang='lat' dir='ltr'>siqua</span> <span class='ocrx_word' id='word_1_72' title='bbox 877 815 937 848; x_wconf 91' lang='lat' dir='ltr'>est</span> <span class='ocrx_word' id='word_1_73' title='bbox 969 810 1143 848; x_wconf 88' lang='lat' dir='ltr'>studiosa</span> <span class='ocrx_word' id='word_1_74' title='bbox 1175 811 1349 862; x_wconf 87' lang='lat' dir='ltr'>sinistri,</span> 
     </span>
     <span class='ocr_line' id='line_1_13' title="bbox 180 868 1040 910; baseline -0.005 0"><span class='ocrx_word' id='word_1_75' title='bbox 180 870 239 910; x_wconf 89' lang='lat' dir='ltr'>Ad</span> <span class='ocrx_word' id='word_1_76' title='bbox 269 871 407 909; x_wconf 89' lang='lat' dir='ltr'>vitium</span> <span class='ocrx_word' id='word_1_77' title='bbox 437 881 568 908; x_wconf 90' lang='lat' dir='ltr'>mores</span> <span class='ocrx_word' id='word_1_78' title='bbox 599 870 770 907; x_wconf 88' lang='lat' dir='ltr'>instruet</span> <span class='ocrx_word' id='word_1_79' title='bbox 800 868 891 907; x_wconf 92' lang='lat' dir='ltr'>inde</span> <span class='ocrx_word' id='word_1_80' title='bbox 925 880 1040 907; x_wconf 90' lang='lat' dir='ltr'>suos.</span> 
     </span>
     <span class='ocr_line' id='line_1_14' title="bbox 184 926 1356 980; baseline -0.003 -12"><span class='ocrx_word' id='word_1_81' title='bbox 184 929 406 980; x_wconf 87' lang='lat' dir='ltr'>Sumpserit</span> <span class='ocrx_word' id='word_1_82' title='bbox 436 927 604 966; x_wconf 86' lang='lat' dir='ltr'>Annales</span> <span class='ocrx_word' id='word_1_83' title='bbox 623 958 634 978; x_wconf 87' lang='lat'><em>‚</em></span> <span class='ocrx_word' id='word_1_84' title='bbox 669 948 719 954; x_wconf 90' lang='lat'>—</span> <span class='ocrx_word' id='word_1_85' title='bbox 754 926 850 965; x_wconf 88' lang='lat' dir='ltr'>nihil</span> <span class='ocrx_word' id='word_1_86' title='bbox 882 932 942 965; x_wconf 89' lang='lat' dir='ltr'>est</span> <span class='ocrx_word' id='word_1_87' title='bbox 972 926 1164 965; x_wconf 85' lang='lat' dir='ltr'>hirsutius</span> <span class='ocrx_word' id='word_1_88' title='bbox 1195 926 1272 965; x_wconf 92' lang='lat' dir='ltr'>illis</span> <span class='ocrx_word' id='word_1_89' title='bbox 1299 949 1356 953; x_wconf 88' lang='lat'>—-</span> 
     </span>
     <span class='ocr_line' id='line_1_15' title="bbox 93 984 1148 1037; baseline -0.004 -10"><span class='ocrx_word' id='word_1_90' title='bbox 93 996 161 1028; x_wconf 86' lang='grc'>260</span> <span class='ocrx_word' id='word_1_91' title='bbox 182 987 299 1027; x_wconf 87' lang='lat' dir='ltr'>Facta</span> <span class='ocrx_word' id='word_1_92' title='bbox 331 988 382 1025; x_wconf 89' lang='lat' dir='ltr'>sit</span> <span class='ocrx_word' id='word_1_93' title='bbox 412 985 516 1025; x_wconf 91' lang='lat' dir='ltr'>unde</span> <span class='ocrx_word' id='word_1_94' title='bbox 548 997 689 1037; x_wconf 88' lang='lat' dir='ltr'>parens</span> <span class='ocrx_word' id='word_1_95' title='bbox 720 984 788 1024; x_wconf 85' lang='lat' dir='ltr'>Ilia</span> <span class='ocrx_word' id='word_1_96' title='bbox 807 1017 818 1037; x_wconf 85' lang='lat'><em>,</em></span> <span class='ocrx_word' id='word_1_97' title='bbox 849 997 990 1036; x_wconf 85' lang='lat' dir='ltr'>nempe</span> <span class='ocrx_word' id='word_1_98' title='bbox 1023 985 1148 1036; x_wconf 87' lang='lat' dir='ltr'>leget.</span> 
     </span>
     <span class='ocr_line' id='line_1_16' title="bbox 183 1043 1404 1097; baseline -0.002 -12"><span class='ocrx_word' id='word_1_99' title='bbox 183 1047 426 1097; x_wconf 86' lang='lat' dir='ltr'>Sumpserit‚</span> <span class='ocrx_word' id='word_1_100' title='bbox 457 1044 682 1083; x_wconf 89' lang='lat' dir='ltr'>Aeneadum</span> <span class='ocrx_word' id='word_1_101' title='bbox 715 1045 893 1094; x_wconf 81' lang='lat' dir='ltr'>genetrix</span> <span class='ocrx_word' id='word_1_102' title='bbox 925 1043 993 1082; x_wconf 90' lang='lat' dir='ltr'>ubi</span> <span class='ocrx_word' id='word_1_103' title='bbox 1025 1046 1172 1094; x_wconf 81' lang='lat' dir='ltr'>prima,</span> <span class='ocrx_word' id='word_1_104' title='bbox 1206 1044 1404 1095; x_wconf 79' lang='lat' dir='ltr'>requiret,</span> 
     </span>
     <span class='ocr_line' id='line_1_17' title="bbox 181 1101 1151 1154; baseline -0.003 -10"><span class='ocrx_word' id='word_1_105' title='bbox 181 1104 406 1144; x_wconf 85' lang='lat' dir='ltr'>Aeneadum</span> <span class='ocrx_word' id='word_1_106' title='bbox 437 1104 616 1154; x_wconf 81' lang='lat' dir='ltr'>genetrix</span> <span class='ocrx_word' id='word_1_107' title='bbox 648 1102 752 1141; x_wconf 90' lang='lat' dir='ltr'>unde</span> <span class='ocrx_word' id='word_1_108' title='bbox 785 1104 836 1141; x_wconf 92' lang='lat' dir='ltr'>sit</span> <span class='ocrx_word' id='word_1_109' title='bbox 867 1102 965 1140; x_wconf 88' lang='lat' dir='ltr'>alma</span> <span class='ocrx_word' id='word_1_110' title='bbox 997 1101 1151 1141; x_wconf 88' lang='lat' dir='ltr'>Venus.</span> 
     </span>
     <span class='ocr_line' id='line_1_18' title="bbox 183 1160 1300 1214; baseline -0.003 -12"><span class='ocrx_word' id='word_1_111' title='bbox 183 1163 422 1214; x_wconf 84' lang='lat' dir='ltr'>[Persequar</span> <span class='ocrx_word' id='word_1_112' title='bbox 453 1162 646 1212; x_wconf 83' lang='lat' dir='ltr'>inferius,</span> <span class='ocrx_word' id='word_1_113' title='bbox 678 1161 792 1199; x_wconf 91' lang='lat' dir='ltr'>modo</span> <span class='ocrx_word' id='word_1_114' title='bbox 826 1162 859 1199; x_wconf 92' lang='lat' dir='ltr'>si</span> <span class='ocrx_word' id='word_1_115' title='bbox 889 1161 982 1199; x_wconf 89' lang='lat' dir='ltr'>licet</span> <span class='ocrx_word' id='word_1_116' title='bbox 1013 1160 1149 1199; x_wconf 91' lang='lat' dir='ltr'>ordine</span> <span class='ocrx_word' id='word_1_117' title='bbox 1182 1160 1300 1210; x_wconf 87' lang='lat' dir='ltr'>ferri,</span> 
     </span>
     <span class='ocr_line' id='line_1_19' title="bbox 182 1218 1210 1269; baseline -0.004 -8"><span class='ocrx_word' id='word_1_118' title='bbox 182 1222 302 1261; x_wconf 87' lang='lat' dir='ltr'>Posse</span> <span class='ocrx_word' id='word_1_119' title='bbox 335 1232 478 1259; x_wconf 87' lang='lat' dir='ltr'>nocere</span> <span class='ocrx_word' id='word_1_120' title='bbox 511 1221 648 1258; x_wconf 90' lang='lat' dir='ltr'>animis</span> <span class='ocrx_word' id='word_1_121' title='bbox 682 1220 865 1258; x_wconf 85' lang='lat' dir='ltr'>carminis</span> <span class='ocrx_word' id='word_1_122' title='bbox 898 1231 1010 1258; x_wconf 90' lang='lat' dir='ltr'>omne</span> <span class='ocrx_word' id='word_1_123' title='bbox 1044 1231 1168 1269; x_wconf 84' lang='lat' dir='ltr'>genus</span> <span class='ocrx_word' id='word_1_124' title='bbox 1185 1218 1210 1268; x_wconf 94' lang='lat'>.]</span> 
     </span>
     <span class='ocr_line' id='line_1_20' title="bbox 95 1277 1291 1321; baseline -0.004 -1"><span class='ocrx_word' id='word_1_125' title='bbox 95 1289 162 1321; x_wconf 85' lang='grc'>265</span> <span class='ocrx_word' id='word_1_126' title='bbox 182 1281 267 1319; x_wconf 93' lang='lat' dir='ltr'>Non</span> <span class='ocrx_word' id='word_1_127' title='bbox 299 1286 430 1319; x_wconf 86' lang='lat' dir='ltr'>tamen</span> <span class='ocrx_word' id='word_1_128' title='bbox 461 1278 608 1317; x_wconf 90' lang='lat' dir='ltr'>idcirco</span> <span class='ocrx_word' id='word_1_129' title='bbox 641 1279 790 1316; x_wconf 88' lang='lat' dir='ltr'>crimen</span> <span class='ocrx_word' id='word_1_130' title='bbox 821 1277 920 1316; x_wconf 87' lang='lat' dir='ltr'>liber</span> <span class='ocrx_word' id='word_1_131' title='bbox 953 1279 1079 1316; x_wconf 88' lang='lat' dir='ltr'>omnis</span> <span class='ocrx_word' id='word_1_132' title='bbox 1111 1277 1291 1316; x_wconf 87' lang='lat' dir='ltr'>habebit.</span> 
     </span>
     <span class='ocr_line' id='line_1_21' title="bbox 182 1335 1209 1390; baseline -0.004 -12"><span class='ocrx_word' id='word_1_133' title='bbox 182 1339 244 1378; x_wconf 90' lang='lat' dir='ltr'>Nil</span> <span class='ocrx_word' id='word_1_134' title='bbox 274 1338 464 1390; x_wconf 80' lang='lat' dir='ltr'>prodest,</span> <span class='ocrx_word' id='word_1_135' title='bbox 496 1337 600 1387; x_wconf 91' lang='lat' dir='ltr'>quod</span> <span class='ocrx_word' id='word_1_136' title='bbox 632 1348 710 1375; x_wconf 93' lang='lat' dir='ltr'>non</span> <span class='ocrx_word' id='word_1_137' title='bbox 741 1335 895 1375; x_wconf 88' lang='lat' dir='ltr'>laedere</span> <span class='ocrx_word' id='word_1_138' title='bbox 928 1337 1052 1387; x_wconf 86' lang='lat' dir='ltr'>possit</span> <span class='ocrx_word' id='word_1_139' title='bbox 1083 1336 1209 1374; x_wconf 88' lang='lat' dir='ltr'>idem.</span> 
     </span>
     <span class='ocr_line' id='line_1_22' title="bbox 182 1392 1228 1449; baseline -0.006 -12"><span class='ocrx_word' id='word_1_140' title='bbox 182 1398 275 1449; x_wconf 91' lang='lat' dir='ltr'>Igne</span> <span class='ocrx_word' id='word_1_141' title='bbox 308 1396 401 1447; x_wconf 92' lang='lat' dir='ltr'>quid</span> <span class='ocrx_word' id='word_1_142' title='bbox 433 1395 569 1434; x_wconf 87' lang='lat' dir='ltr'>utilius</span> <span class='ocrx_word' id='word_1_143' title='bbox 588 1392 609 1433; x_wconf 70' lang='lat' dir='ltr'>i&gt;</span> <span class='ocrx_word' id='word_1_144' title='bbox 659 1395 782 1445; x_wconf 86' lang='lat' dir='ltr'>siquis</span> <span class='ocrx_word' id='word_1_145' title='bbox 814 1400 944 1432; x_wconf 86' lang='lat' dir='ltr'>tamen</span> <span class='ocrx_word' id='word_1_146' title='bbox 978 1406 1094 1432; x_wconf 90' lang='lat' dir='ltr'>urere</span> <span class='ocrx_word' id='word_1_147' title='bbox 1126 1399 1228 1432; x_wconf 85' lang='lat' dir='ltr'>tecta</span> 
     </span>
     <span class='ocr_line' id='line_1_23' title="bbox 185 1453 1126 1506; baseline -0.005 -11"><span class='ocrx_word' id='word_1_148' title='bbox 185 1456 393 1506; x_wconf 86' lang='lat' dir='ltr'>Comparat</span> <span class='ocrx_word' id='word_1_149' title='bbox 410 1484 421 1506; x_wconf 84' lang='lat'><em>‚</em></span> <span class='ocrx_word' id='word_1_150' title='bbox 453 1453 619 1491; x_wconf 86' lang='lat' dir='ltr'>audaces</span> <span class='ocrx_word' id='word_1_151' title='bbox 650 1454 812 1491; x_wconf 87' lang='lat' dir='ltr'>instruit</span> <span class='ocrx_word' id='word_1_152' title='bbox 842 1454 932 1502; x_wconf 86' lang='lat' dir='ltr'>igne</span> <span class='ocrx_word' id='word_1_153' title='bbox 966 1464 1126 1490; x_wconf 87' lang='lat' dir='ltr'>manus.</span> 
     </span>
     <span class='ocr_line' id='line_1_24' title="bbox 186 1509 1259 1564; baseline -0.005 -11"><span class='ocrx_word' id='word_1_154' title='bbox 186 1514 312 1564; x_wconf 88' lang='lat' dir='ltr'>Eripit</span> <span class='ocrx_word' id='word_1_155' title='bbox 342 1512 539 1551; x_wconf 84' lang='lat' dir='ltr'>interdum</span> <span class='ocrx_word' id='word_1_156' title='bbox 559 1542 570 1562; x_wconf 76' lang='lat'><em>⁷</em></span> <span class='ocrx_word' id='word_1_157' title='bbox 601 1510 715 1549; x_wconf 88' lang='lat' dir='ltr'>modo</span> <span class='ocrx_word' id='word_1_158' title='bbox 748 1509 813 1549; x_wconf 88' lang='lat' dir='ltr'>dat</span> <span class='ocrx_word' id='word_1_159' title='bbox 847 1509 1039 1548; x_wconf 89' lang='lat' dir='ltr'>medicina</span> <span class='ocrx_word' id='word_1_160' title='bbox 1071 1510 1259 1562; x_wconf 83' lang='lat' dir='ltr'>salutem,</span> 
     </span>
     <span class='ocr_line' id='line_1_25' title="bbox 97 1568 1405 1622; baseline -0.004 -10"><span class='ocrx_word' id='word_1_161' title='bbox 97 1580 164 1612; x_wconf 84' lang='grc'>270</span> <span class='ocrx_word' id='word_1_162' title='bbox 186 1573 371 1622; x_wconf 89' lang='lat' dir='ltr'>Quaeque</span> <span class='ocrx_word' id='word_1_163' title='bbox 397 1573 526 1621; x_wconf 82' lang='lat' dir='ltr'>iuvet,</span> <span class='ocrx_word' id='word_1_164' title='bbox 559 1574 775 1620; x_wconf 86' lang='lat' dir='ltr'>monstrat,</span> <span class='ocrx_word' id='word_1_165' title='bbox 808 1580 986 1619; x_wconf 86' lang='lat' dir='ltr'>quaeque</span> <span class='ocrx_word' id='word_1_166' title='bbox 1012 1570 1062 1607; x_wconf 89' lang='lat' dir='ltr'>sit</span> <span class='ocrx_word' id='word_1_167' title='bbox 1087 1568 1208 1607; x_wconf 88' lang='lat' dir='ltr'>herba</span> <span class='ocrx_word' id='word_1_168' title='bbox 1233 1580 1405 1608; x_wconf 90' lang='lat' dir='ltr'>nocens.</span> 
     </span>
     <span class='ocr_line' id='line_1_26' title="bbox 186 1628 1207 1679; baseline -0.005 -10"><span class='ocrx_word' id='word_1_169' title='bbox 186 1631 235 1669; x_wconf 86' lang='lat' dir='ltr'>Et</span> <span class='ocrx_word' id='word_1_170' title='bbox 265 1631 364 1668; x_wconf 86' lang='lat' dir='ltr'>latro</span> <span class='ocrx_word' id='word_1_171' title='bbox 397 1635 436 1667; x_wconf 88' lang='lat' dir='ltr'>et</span> <span class='ocrx_word' id='word_1_172' title='bbox 468 1633 604 1667; x_wconf 90' lang='lat' dir='ltr'>cautus</span> <span class='ocrx_word' id='word_1_173' title='bbox 636 1629 902 1678; x_wconf 89' lang='lat' dir='ltr'>praecingitur</span> <span class='ocrx_word' id='word_1_174' title='bbox 935 1639 1027 1665; x_wconf 90' lang='lat' dir='ltr'>ense</span> <span class='ocrx_word' id='word_1_175' title='bbox 1060 1628 1207 1679; x_wconf 82' lang='lat' dir='ltr'>viator3</span> 
     </span>
     <span class='ocr_line' id='line_1_27' title="bbox 185 1685 1104 1737; baseline -0.005 -9"><span class='ocrx_word' id='word_1_176' title='bbox 185 1689 252 1728; x_wconf 92' lang='lat' dir='ltr'>Ille</span> <span class='ocrx_word' id='word_1_177' title='bbox 285 1688 351 1727; x_wconf 91' lang='lat' dir='ltr'>sed</span> <span class='ocrx_word' id='word_1_178' title='bbox 384 1686 572 1737; x_wconf 89' lang='lat' dir='ltr'>insidias,</span> <span class='ocrx_word' id='word_1_179' title='bbox 605 1686 669 1724; x_wconf 82' lang='lat' dir='ltr'>hic</span> <span class='ocrx_word' id='word_1_180' title='bbox 701 1685 775 1724; x_wconf 88' lang='lat' dir='ltr'>sibi</span> <span class='ocrx_word' id='word_1_181' title='bbox 805 1690 937 1736; x_wconf 87' lang='lat' dir='ltr'>portat</span> <span class='ocrx_word' id='word_1_182' title='bbox 969 1697 1104 1736; x_wconf 88' lang='lat' dir='ltr'>opem.</span> 
     </span>
     <span class='ocr_line' id='line_1_28' title="bbox 186 1743 1176 1796; baseline -0.004 -10"><span class='ocrx_word' id='word_1_183' title='bbox 186 1748 358 1787; x_wconf 87' lang='lat' dir='ltr'>Discitur</span> <span class='ocrx_word' id='word_1_184' title='bbox 388 1747 578 1784; x_wconf 89' lang='lat' dir='ltr'>innocuas</span> <span class='ocrx_word' id='word_1_185' title='bbox 609 1750 654 1783; x_wconf 88' lang='lat' dir='ltr'>ut</span> <span class='ocrx_word' id='word_1_186' title='bbox 685 1750 772 1794; x_wconf 85' lang='lat' dir='ltr'>agat</span> <span class='ocrx_word' id='word_1_187' title='bbox 802 1743 982 1782; x_wconf 83' lang='lat' dir='ltr'>facundia</span> <span class='ocrx_word' id='word_1_188' title='bbox 1015 1756 1176 1796; x_wconf 83' lang='lat' dir='ltr'>causas3</span> 
     </span>
     <span class='ocr_line' id='line_1_29' title="bbox 186 1803 1195 1857; baseline -0.004 -12"><span class='ocrx_word' id='word_1_189' title='bbox 186 1807 361 1857; x_wconf 88' lang='lat' dir='ltr'>Protegit</span> <span class='ocrx_word' id='word_1_190' title='bbox 390 1804 486 1843; x_wconf 88' lang='lat' dir='ltr'>haec</span> <span class='ocrx_word' id='word_1_191' title='bbox 518 1808 680 1854; x_wconf 89' lang='lat' dir='ltr'>sontes,</span> <span class='ocrx_word' id='word_1_192' title='bbox 712 1804 996 1853; x_wconf 89' lang='lat' dir='ltr'>inmeritosque</span> <span class='ocrx_word' id='word_1_193' title='bbox 1029 1803 1195 1853; x_wconf 88' lang='lat' dir='ltr'>premit.</span> 
     </span>
     <span class='ocr_line' id='line_1_30' title="bbox 98 1861 1194 1915; baseline -0.005 -10"><span class='ocrx_word' id='word_1_194' title='bbox 98 1874 164 1905; x_wconf 79' lang='grc'>275</span> <span class='ocrx_word' id='word_1_195' title='bbox 187 1865 251 1903; x_wconf 90' lang='lat' dir='ltr'>Sic</span> <span class='ocrx_word' id='word_1_196' title='bbox 282 1865 402 1915; x_wconf 84' lang='lat' dir='ltr'>igitur</span> <span class='ocrx_word' id='word_1_197' title='bbox 434 1874 620 1913; x_wconf 85' lang='lat' dir='ltr'>carmen,</span> <span class='ocrx_word' id='word_1_198' title='bbox 652 1866 759 1900; x_wconf 89' lang='lat' dir='ltr'>recta</span> <span class='ocrx_word' id='word_1_199' title='bbox 792 1863 825 1899; x_wconf 89' lang='lat' dir='ltr'>si</span> <span class='ocrx_word' id='word_1_200' title='bbox 857 1867 986 1900; x_wconf 87' lang='lat' dir='ltr'>mente</span> <span class='ocrx_word' id='word_1_201' title='bbox 1019 1861 1194 1912; x_wconf 87' lang='lat' dir='ltr'>legatur,</span> 
     </span>
     <span class='ocr_line' id='line_1_31' title="bbox 188 1921 1047 1973; baseline -0.003 -11"><span class='ocrx_word' id='word_1_202' title='bbox 188 1922 417 1973; x_wconf 90' lang='lat' dir='ltr'>Constabit,</span> <span class='ocrx_word' id='word_1_203' title='bbox 449 1921 546 1960; x_wconf 88' lang='lat' dir='ltr'>nulli</span> <span class='ocrx_word' id='word_1_204' title='bbox 576 1932 691 1972; x_wconf 87' lang='lat' dir='ltr'>posse</span> <span class='ocrx_word' id='word_1_205' title='bbox 719 1932 861 1958; x_wconf 85' lang='lat' dir='ltr'>nocere</span> <span class='ocrx_word' id='word_1_206' title='bbox 894 1931 1047 1959; x_wconf 89' lang='lat' dir='ltr'>meum.</span> 
     </span>
     <span class='ocr_line' id='line_1_32' title="bbox 187 1976 1409 2032; baseline -0.002 -12"><span class='ocrx_word' id='word_1_207' title='bbox 187 1980 251 2021; x_wconf 69' lang='lat' dir='ltr'>‘At</span> <span class='ocrx_word' id='word_1_208' title='bbox 282 1980 467 2032; x_wconf 87' lang='lat' dir='ltr'>quasdam</span> <span class='ocrx_word' id='word_1_209' title='bbox 498 1981 590 2018; x_wconf 88' lang='lat' dir='ltr'>vitio</span> <span class='ocrx_word' id='word_1_210' title='bbox 612 1976 635 2018; x_wconf 87' lang='lat'>.&#39;</span> <span class='ocrx_word' id='word_1_211' title='bbox 669 1981 906 2030; x_wconf 88' lang='lat' dir='ltr'>quicumque</span> <span class='ocrx_word' id='word_1_212' title='bbox 939 1978 1013 2016; x_wconf 90' lang='lat' dir='ltr'>hoc</span> <span class='ocrx_word' id='word_1_213' title='bbox 1046 1978 1245 2029; x_wconf 84' lang='lat' dir='ltr'>concipit,</span> <span class='ocrx_word' id='word_1_214' title='bbox 1279 1983 1409 2029; x_wconf 84' lang='lat' dir='ltr'>errat,</span> 
     </span>
     <span class='ocr_line' id='line_1_33' title="bbox 186 2036 1054 2089; baseline -0.006 -10"><span class='ocrx_word' id='word_1_215' title='bbox 186 2040 236 2079; x_wconf 87' lang='lat' dir='ltr'>Et</span> <span class='ocrx_word' id='word_1_216' title='bbox 267 2041 431 2078; x_wconf 90' lang='lat' dir='ltr'>nimium</span> <span class='ocrx_word' id='word_1_217' title='bbox 463 2039 620 2089; x_wconf 88' lang='lat' dir='ltr'>scriptis</span> <span class='ocrx_word' id='word_1_218' title='bbox 652 2043 808 2088; x_wconf 83' lang='lat' dir='ltr'>arrogat</span> <span class='ocrx_word' id='word_1_219' title='bbox 838 2036 902 2075; x_wconf 88' lang='lat' dir='ltr'>ille</span> <span class='ocrx_word' id='word_1_220' title='bbox 935 2037 1054 2074; x_wconf 90' lang='lat' dir='ltr'>meis.</span> 
     </span>
     <span class='ocr_line' id='line_1_34' title="bbox 187 2093 1385 2148; baseline -0.003 -10"><span class='ocrx_word' id='word_1_221' title='bbox 187 2099 237 2137; x_wconf 88' lang='lat' dir='ltr'>Ut</span> <span class='ocrx_word' id='word_1_222' title='bbox 268 2104 398 2138; x_wconf 88' lang='lat' dir='ltr'>tamen</span> <span class='ocrx_word' id='word_1_223' title='bbox 423 2097 497 2136; x_wconf 90' lang='lat' dir='ltr'>hoc</span> <span class='ocrx_word' id='word_1_224' title='bbox 528 2097 650 2135; x_wconf 88' lang='lat' dir='ltr'>fatear</span> <span class='ocrx_word' id='word_1_225' title='bbox 669 2128 680 2148; x_wconf 85' lang='lat'>‚</span> <span class='ocrx_word' id='word_1_226' title='bbox 711 2096 792 2134; x_wconf 89' lang='lat' dir='ltr'>ludi</span> <span class='ocrx_word' id='word_1_227' title='bbox 825 2106 981 2146; x_wconf 87' lang='lat' dir='ltr'>quoque</span> <span class='ocrx_word' id='word_1_228' title='bbox 1015 2095 1163 2132; x_wconf 89' lang='lat' dir='ltr'>semina</span> <span class='ocrx_word' id='word_1_229' title='bbox 1193 2093 1385 2145; x_wconf 88' lang='lat' dir='ltr'>praebent</span> 
     </span>
     <span class='ocr_line' id='line_1_35' title="bbox 100 2151 976 2209; baseline -0.007 -12"><span class='ocrx_word' id='word_1_230' title='bbox 100 2166 167 2197; x_wconf 82' lang='lat'>280</span> <span class='ocrx_word' id='word_1_231' title='bbox 187 2157 421 2209; x_wconf 88' lang='lat' dir='ltr'>Nequitiae:</span> <span class='ocrx_word' id='word_1_232' title='bbox 453 2155 536 2194; x_wconf 89' lang='lat' dir='ltr'>tolli</span> <span class='ocrx_word' id='word_1_233' title='bbox 567 2160 646 2194; x_wconf 85' lang='lat' dir='ltr'>tota</span> <span class='ocrx_word' id='word_1_234' title='bbox 678 2155 830 2193; x_wconf 88' lang='lat' dir='ltr'>theatra</span> <span class='ocrx_word' id='word_1_235' title='bbox 861 2151 976 2191; x_wconf 81' lang='lat' dir='ltr'>iube!</span> 
     </span>
     <span class='ocr_line' id='line_1_36' title="bbox 185 2209 1253 2263; baseline -0.006 -8"><span class='ocrx_word' id='word_1_236' title='bbox 185 2215 378 2255; x_wconf 87' lang='lat' dir='ltr'>Peccandi</span> <span class='ocrx_word' id='word_1_237' title='bbox 410 2226 566 2254; x_wconf 82' lang='lat' dir='ltr'>causam</span> <span class='ocrx_word' id='word_1_238' title='bbox 597 2215 706 2252; x_wconf 87' lang='lat' dir='ltr'>mimi</span> <span class='ocrx_word' id='word_1_239' title='bbox 738 2224 852 2263; x_wconf 91' lang='lat' dir='ltr'>quam</span> <span class='ocrx_word' id='word_1_240' title='bbox 886 2223 1001 2262; x_wconf 91' lang='lat' dir='ltr'>saepe</span> <span class='ocrx_word' id='word_1_241' title='bbox 1034 2209 1253 2250; x_wconf 81' lang='lat' dir='ltr'>dederunt!</span> 
     </span>
     <span class='ocr_line' id='line_1_37' title="bbox 185 2269 1135 2313; baseline -0.006 0"><span class='ocrx_word' id='word_1_242' title='bbox 185 2274 322 2313; x_wconf 85' lang='lat' dir='ltr'>Martia</span> <span class='ocrx_word' id='word_1_243' title='bbox 353 2285 424 2313; x_wconf 90' lang='lat' dir='ltr'>cur</span> <span class='ocrx_word' id='word_1_244' title='bbox 455 2274 598 2313; x_wconf 90' lang='lat' dir='ltr'>durum</span> <span class='ocrx_word' id='word_1_245' title='bbox 631 2272 772 2311; x_wconf 88' lang='lat' dir='ltr'>sternit</span> <span class='ocrx_word' id='word_1_246' title='bbox 809 2270 953 2308; x_wconf 88' lang='lat' dir='ltr'>harena</span> <span class='ocrx_word' id='word_1_247' title='bbox 985 2269 1135 2308; x_wconf 85' lang='lat' dir='ltr'>solum!</span> 
     </span>
     <span class='ocr_line' id='line_1_38' title="bbox 187 2329 1213 2372; baseline -0.005 0"><span class='ocrx_word' id='word_1_248' title='bbox 187 2332 361 2372; x_wconf 88' lang='lat' dir='ltr'>Tollatur</span> <span class='ocrx_word' id='word_1_249' title='bbox 393 2331 550 2372; x_wconf 85' lang='lat' dir='ltr'>circus!</span> <span class='ocrx_word' id='word_1_250' title='bbox 589 2342 667 2369; x_wconf 90' lang='lat' dir='ltr'>non</span> <span class='ocrx_word' id='word_1_251' title='bbox 699 2336 782 2369; x_wconf 90' lang='lat' dir='ltr'>tuta</span> <span class='ocrx_word' id='word_1_252' title='bbox 813 2329 969 2368; x_wconf 86' lang='lat' dir='ltr'>licentia</span> <span class='ocrx_word' id='word_1_253' title='bbox 1002 2330 1097 2368; x_wconf 90' lang='lat' dir='ltr'>circi</span> <span class='ocrx_word' id='word_1_254' title='bbox 1129 2333 1213 2367; x_wconf 89' lang='lat' dir='ltr'>est:</span> 
     </span>
    </p>
   </div>
  </div>
 </body>
</html>
