1570 2527
187 108 271 149 130
730 107 975 140 EX.PONTO

304 216 381 256 Sed
413 227 579 267 vereor,
612 227 660 253 ne
694 226 754 254 me
787 215 932 254 frustra
964 227 1119 254 servare
1153 214 1327 267 labores,

238 283 282 315 90
362 274 446 313 Neu
478 275 588 312 iuver
621 273 772 312 admota
804 273 980 324 perditus
1013 285 1128 324 aeger
1160 286 1256 325 ope.

302 332 381 372 Nec
414 332 552 383 loquor
584 331 707 383 haec,
741 333 831 382 quia
863 333 913 370 sit
943 333 1067 371 maior
1098 332 1306 383 prudentia
1338 331 1474 385 nohis3

362 390 437 429 Sed
471 401 557 428 sum
591 401 706 441 quam
738 389 890 428 medico
922 392 1052 429 notior
1083 392 1166 442 ipse
1199 390 1316 430 mihi.

302 448 353 487 Ut
384 454 513 487 tamen
545 448 618 487 hoe
650 449 704 488 ita
735 449 814 500 sit,
846 459 989 487 munus
1022 453 1087 487 tua
1119 449 1264 499 grande
1296 448 1474 488 voluntas

361 506 419 546 Ad
451 518 512 545 me
544 508 752 559 pervenit,
784 505 1080 558 consuliturque
1113 506 1227 545 boni.

800 634 906 681 IIII.

304 740 383 779 lam
414 739 509 778 mihi
540 739 711 779 deterior
744 740 850 778 canis
882 740 1103 790 aspergitur
1135 744 1263 790 aetas,

361 797 519 849 Iamque
551 809 658 837 meos
691 797 821 836 vultus
852 809 948 848 ruga
981 797 1114 836 senilis
1147 803 1252 836 a1·:at

302 856 381 896 Iam
414 857 523 907 vig01
555 863 594 895 et
625 867 766 907 quasso
798 855 984 906 languent
1015 857 1055 894 in
1088 867 1252 906 corpore
1286 843 1412 907 vir}es

360 914 470 966 Nec,
502 916 632 953 iuveni
663 914 773 953 lusus
806 915 873 964 qui
905 914 1115 965 placuere,
1148 915 1303 952 iuvant.

263 982 282 1012 5
303 972 383 1012 Nec
402 1005 412 1025 ,
445 974 478 1011 si
510 984 570 1011 me
603 972 731 1011 subito
764 972 922 1023 videas,
956 984 1167 1023 agnoscere
1199 973 1350 1023 possis:

362 1032 509 1070 Aetatis
542 1032 641 1070 faeta
674 1036 733 1070 est
765 1036 870 1069 tanta
903 1032 1015 1069 ruina
1048 1042 1181 1070 meae.

303 1090 501 1128 Confiteor
534 1089 660 1128 facere
693 1089 766 1127 hoc
799 1100 943 1127 annos:
982 1089 1050 1127 sed
1090 1094 1129 1127 et
1161 1087 1281 1128 altera
1314 1100 1429 1127 causa
1462 1095 1522 1127 est

363 1149 545 1187 Anxietas
579 1149 696 1186 animi
729 1148 1018 1198 continuusque
1051 1146 1182 1185 labor.

303 1206 399 1245 Nam
432 1218 516 1245 mea
548 1218 618 1257 per
650 1206 785 1256 longos
818 1207 940 1256 siquis
973 1205 1071 1244 mala
1103 1205 1253 1256 digerat
1288 1216 1432 1256 annos,

242 1274 283 1304 10
363 1264 487 1304 Crede
521 1264 643 1315 mihi,
676 1264 783 1315 Pylio
816 1263 980 1302 Nestore
1013 1265 1135 1302 maior
1167 1275 1260 1302 ero.

305 1322 466 1374 Cernis,
501 1329 545 1361 ut
578 1324 618 1361 in
654 1321 764 1361 duris
789 1343 835 1349 -—
864 1327 902 1360 et
938 1321 1030 1372 quid
1067 1321 1163 1360 bove
1199 1320 1384 1362 firmius?
1410 1344 1456 1349 —

1035 1381 1135 1418 arvis
1466 1390 1522 1421 (16)

363 1438 495 1478 Fortia
527 1444 729 1478 taurorum
763 1450 928 1490 corpora
960 1438 1112 1489 frangat
1143 1450 1264 1490 opus.

305 1497 410 1543 Quae
444 1509 655 1548 numquam
690 1509 808 1536 vacuo
841 1497 953 1536 solita
986 1502 1045 1535 est
1076 1508 1230 1536 cessare
1263 1497 1410 1549 novali,

364 1556 574 1595 Fructibus
607 1555 774 1595 assiduis
806 1555 905 1595 lassa
938 1556 1108 1594 senescit
1138 1555 1304 1595 humus.

243 1623 284 1653 15
306 1614 498 1666 Occidet,
531 1607 576 1653 ad
610 1616 706 1653 circi
738 1616 862 1665 siquis
895 1615 1107 1653 certamina
1140 1626 1294 1666 semper

363 1672 448 1711 Non
480 1674 715 1711 intermissis
748 1672 929 1711 cursibus
962 1672 1033 1710 ibit
1066 1684 1213 1723 equus.

306 1731 434 1769 Firma
467 1732 517 1769 sit
549 1730 611 1768 illa
642 1730 761 1781 licet,
794 1730 967 1769 solvetur
1000 1732 1039 1768 in
1071 1742 1239 1781 aequore
1274 1731 1405 1781 navis,

364 1788 470 1834 Quae
503 1800 716 1839 numquam
748 1788 906 1840 liquidis
940 1789 1041 1826 sicca
1073 1788 1222 1827 carebit
1254 1790 1386 1839 aquis.

305 1847 364 1886 Me
398 1859 553 1898 quoque
586 1846 762 1885 debilitat
795 1848 916 1885 series
949 1847 1124 1885 inmensa
1156 1847 1371 1898 malorum,

241 1914 285 1945 20
364 1907 462 1945 Ante
495 1917 624 1944 meum
657 1911 812 1958 tempus
844 1906 947 1956 cogit
979 1910 1017 1944 et
1048 1917 1133 1944 esse
1167 1917 1323 1945 senem.

307 1963 392 2003 Otia
426 1975 569 2014 corpus
602 1963 737 2014 alunt,
770 1964 922 2002 animus
949 1975 1104 2014 quoque
1136 1965 1310 2015 pascitur
1341 1962 1463 2013 illis:>

364 2022 586 2061 Inmodicus
619 2027 753 2061 contra
786 2023 909 2073 carpit
941 2026 1152 2073 utrumque
1184 2022 1314 2062 labor.

306 2081 445 2132 Aspice
464 2112 475 2133 ,
506 2082 546 2119 in
578 2080 647 2119 has
680 2081 801 2132 partis
833 2080 935 2131 quod
969 2082 1120 2120 venerit
1150 2081 1301 2120 Aesone
1334 2085 1470 2132 natus,

366 2138 489 2184 Quam
521 2139 673 2178 laudem
706 2151 727 2178 a
759 2150 845 2178 sera
876 2140 1105 2189 posteritate
1139 2139 1258 2178 ferat.

243 2204 285 2235 25
307 2197 357 2236 At
389 2197 496 2236 labor
528 2197 632 2236 illius
664 2203 800 2236 nostro
832 2197 1030 2247 leviorque
1062 2199 1268 2249 minorque
1302 2202 1382 2247 est,

368 2255 409 2294 Si
441 2256 554 2294 modo
588 2268 664 2294 uon
696 2268 832 2295 verum
865 2257 1019 2294 nomina
1050 2267 1187 2308 magna
1220 2261 1425 2306 premunt.

307 2312 373 2352 Ille
407 2319 466 2352 est
496 2315 536 2352 in
569 2313 736 2353 Pontum
769 2314 873 2353 Pelia
905 2315 1084 2354 mittente
1117 2314 1339 2366 profectus,
