1570 2527
173 150 256 191 316
712 153 966 185 PASTORUM

206 268 270 299 160
349 260 390 299 In
424 261 623 299 matutinis
656 259 829 311 lampada
862 261 970 300 tollet
1002 264 1134 314 equis,

289 318 470 368 Frigidus
502 323 675 369 argestes
707 331 877 357 summas
909 320 1095 359 mulcebit
1125 323 1286 372 aristas,

349 376 595 427 Candidaque
628 388 649 414 a
681 376 852 416 Calabris
884 378 966 417 vela
998 378 1193 418 dabuntur
1225 382 1357 431 aquis.

290 436 338 473 At
369 435 484 473 simul
516 435 703 473 inducent
734 435 901 474 obscura
934 437 1162 487 crepuscula
1195 445 1373 490 noctem,

347 493 442 531 Pars
473 492 648 544 Hyadum
682 500 763 533 toto
796 495 842 533 de
875 507 992 545 grege
1025 495 1128 534 nulla
1159 495 1273 535 latet.

205 559 267 590 165
291 551 366 590 Ora
398 552 543 590 micant
573 551 691 590 Tauri
724 558 873 603 septem
906 553 1091 592 radiantia
1123 553 1308 605 flammis,

347 609 481 648 Navita
514 622 610 660 quas
643 610 791 661 Hyadas
824 610 962 650 Graius
994 611 1041 650 ab
1073 611 1197 650 imbre
1229 618 1361 652 vocat.

289 668 384 706 Pars
416 667 611 707 Bacchum
643 671 814 708 nutrisse
846 675 986 721 putat3
1016 682 1107 721 pars
1139 670 1304 709 credidit
1335 683 1421 710 esse

348 726 517 777 Tethyos
550 726 618 766 has
650 734 788 778 neptes
821 727 1044 779 Oceanique
1075 729 1204 768 senis.

289 784 469 823 Nondum
502 784 627 824 stabat
658 786 762 824 Atlas
795 798 952 825 umeros
985 793 1169 826 oneratus
1201 786 1385 840 Olympo,

206 852 269 882 170
350 843 446 882 Cum
478 850 584 882 satus
617 849 677 882 est
708 844 832 883 forma
863 845 1164 896 conspiciendus
1194 845 1319 897 Hyas,

290 901 402 940 Hunc
436 903 553 953 stirps
586 901 730 941 Oceani
762 904 924 942 maturis
957 903 1112 942 nixibus
1144 904 1286 942 Aethra

348 959 509 1011 Edidit,
542 966 581 998 et
611 961 828 1013 nymphas;
862 961 929 1000 sed
962 963 1070 1011 prior
1102 967 1212 1000 ortus
1243 962 1367 1013 Hyas.

290 1018 388 1057 Dum
422 1030 517 1057 nova
549 1018 689 1069 lanugo
722 1025 808 1070 est,
840 1019 999 1070 pavidos
1032 1019 1237 1058 formidine
1269 1032 1405 1060 cervos

349 1076 516 1128 Terret,
549 1082 588 1116 et
619 1083 679 1116 est
710 1077 763 1115 illi
796 1078 937 1127 praeda
970 1078 1136 1128 benigna
1167 1078 1300 1129 lepus.

206 1143 270 1174 175
291 1135 339 1173 At
371 1141 575 1186 postquam
608 1137 731 1174 virtus
764 1137 875 1174 annis
908 1135 1102 1186 adolevit,
1133 1138 1173 1174 in
1205 1148 1319 1187 apros

349 1193 476 1232 Audet
507 1200 546 1232 et
577 1193 747 1232 hirsutas
781 1195 998 1232 comminus
1029 1196 1086 1232 ire
1118 1194 1242 1233 feras.

290 1251 466 1302 Dumque
499 1253 598 1302 petit
628 1251 796 1290 latebras
828 1253 928 1290 fetae
961 1252 1188 1304 catulosque
1219 1253 1397 1305 leaenae,

349 1309 434 1360 Ipse
468 1310 541 1349 fuit
572 1309 737 1361 Libycae
769 1311 910 1361 praeda
944 1317 1106 1349 cruenta
1138 1312 1263 1350 ferae.

291 1368 414 1407 Mater
446 1367 555 1419 Hyan
587 1374 626 1407 et
657 1367 765 1419 Hyan
797 1375 965 1407 maestae
997 1369 1140 1407 flevere
1172 1381 1328 1409 sorores

205 1435 269 1467 180
350 1426 628 1477 Cervicemque
660 1426 747 1478 polo
780 1429 1056 1478 suppositurus
1087 1428 1214 1467 Atlas.

291 1484 423 1523 Victus
456 1491 623 1536 uterque
655 1497 797 1536 parens
829 1491 957 1524 tamen
991 1491 1050 1524 est
1081 1487 1224 1537 pietate
1256 1498 1460 1526 sororumx

349 1543 415 1582 Illa
447 1542 553 1582 dedit
585 1543 732 1582 caelum
751 1575 763 1595 ‚
795 1546 951 1583 nomina
983 1544 1075 1583 fecit
1105 1543 1228 1595 Hyas.

291 1598 433 1640 ‘Mater
452 1632 463 1653 ,
495 1601 586 1640 ades
604 1633 616 1654 ‚
647 1602 788 1641 florum
806 1633 818 1654 ‚
848 1602 950 1641 ludis
983 1602 1212 1641 celebranda
1243 1602 1408 1642 iocosis!

349 1659 582 1699 Distuleram
614 1666 745 1711 partes
777 1673 910 1700 mense
943 1662 1073 1711 priore
1105 1667 1215 1700 tuas.

206 1726 270 1757 185
291 1717 435 1769 Incipis
466 1718 618 1770 Aprili,
650 1720 792 1758 transis
824 1721 863 1758 in
897 1725 1071 1770 tempora
1103 1719 1200 1758 Mai:

349 1777 456 1814 Alter
488 1783 525 1815 te
560 1777 742 1829 fugiens,
774 1790 862 1815 cum
895 1779 1029 1828 venit,
1062 1777 1157 1816 alter
1190 1777 1327 1817 habet.

291 1834 387 1873 Cum
420 1841 485 1873 tua
517 1836 596 1873 sint
628 1835 844 1886 cedantque
877 1835 947 1873 tibi
979 1835 1145 1874 confinia
1178 1847 1377 1887 mensum,

350 1892 539 1931 Convenit
570 1894 610 1931 in
642 1892 775 1932 laudes
807 1893 870 1931 ille
902 1893 961 1931 vel
992 1893 1055 1932 ille
1087 1899 1196 1932 tuas.

291 1950 427 1990 Circus
459 1952 499 1989 in
531 1950 636 1990 hunc
669 1952 747 1990 exit
779 1950 1017 2002 clamataque
1050 1951 1174 2002 palma
1207 1951 1392 1990 theatris:

204 2017 269 2049 190
349 2008 431 2048 Hoc
464 2021 619 2061 quoque
653 2021 742 2048 cum
774 2009 877 2048 Circi
908 2021 1070 2048 munere
1103 2021 1258 2048 carmen
1291 2014 1374 2048 eat.

290 2067 375 2119 Ipsa
407 2067 532 2120 doce,
566 2079 664 2119 quae
696 2069 778 2107 sis.
834 2068 1035 2107 hominum
1067 2069 1260 2106 sententia
1291 2067 1427 2107 fallax:

350 2125 505 2177 Optima
536 2131 578 2165 tu
610 2128 759 2177 proprii
790 2127 958 2165 nominis
991 2132 1126 2165 auctor
1157 2122 1278 2165 eris.'

294 2184 358 2223 Sic
391 2196 490 2235 ego,
548 2185 604 2223 sic
636 2186 781 2224 nostris
813 2184 1015 2236 respondit
1047 2184 1130 2223 diva
1162 2185 1328 2234 rogatis:

350 2242 448 2281 Dum
479 2242 653 2294 loquitur
671 2274 682 2295 ,
714 2255 852 2282 vernas
885 2243 990 2281 efssat
1021 2242 1068 2281 ab
1100 2254 1167 2280 ore
1200 2253 1326 2281 rosas.

206 2308 268 2340 195
292 2297 464 2339 ‘Chloris
497 2313 631 2352 eram,
669 2313 767 2351 quae
799 2301 913 2339 Flora
951 2312 1096 2340 vocor.
1152 2307 1335 2350 corrupta
1367 2299 1502 2339 Latino

349 2357 526 2397 Nominis
559 2365 619 2398 est
649 2361 775 2398 nostri
806 2359 935 2398 littera
967 2358 1113 2398 Graeca
1146 2369 1264 2397 sono.
