1570 2527
141 74 328 109 XXXVIII

141 194 234 221 cara
253 183 287 232 ἔ,
318 185 363 221 ut
393 184 484 222 Met.
511 184 609 221 XIII
636 185 740 231 423,
779 184 859 221 556
892 182 984 220 libri
1014 183 1165 226 kecube,
1196 182 1269 220 hoc
1301 183 1376 230 est,
1407 182 1461 221 he·

141 242 268 289 cubae,
299 242 459 281 Hecuba
491 245 559 290 est,
590 242 750 280 Hecuba
780 245 828 289 et,
859 241 928 279 ubi
958 241 1058 278 mira
1089 240 1310 278 constantia
1335 239 1464 278 editur

141 299 244 347 quod
274 299 388 337 nihili
420 303 490 338 est.
641 297 723 337 716
765 306 959 338 SARCINA
989 307 1157 337 MATms
1188 305 1312 336 ERAS.
1372 298 1465 337 libri
1542 312 1545 314 ·

139 369 284 403 parvus
314 359 471 396 inermis
502 369 599 406 eras,
631 369 651 395 e
682 358 784 395 male
814 357 1020 406 diremptis
1052 357 1227 407 syllabis,
1257 363 1376 395 PARc
1399 365 1464 395 IN-

141 409 298 465 Alffles,
335 416 468 464 qualia
503 416 673 464 plurima
708 416 748 453 in
780 415 1012 464 Petaviano,
1049 423 1065 452 Ι
1099 417 1202 464 397,
1241 415 1342 463 658,
1380 416 1462 453 671

140 476 261 511 matre
291 475 438 522 stellas,
470 473 510 510 II
545 475 625 512 155
659 475 742 511 425
778 475 858 511 796
894 475 971 520 reyz'
1001 476 1169 523 star..q,
1204 472 1414 511 Ursiniano
1445 473 1465 510 I

141 532 224 569 593
253 532 367 570 alerc's
392 544 503 580 aura,
529 531 569 569 II
597 533 678 570 397
705 533 845 570 voltum
870 534 914 579 si,
941 532 1024 569 444
1051 532 1155 569 abest
1175 542 1306 580 rusca,
1332 531 1467 569 addita

141 589 295 637 syllaba
325 590 389 627 vel
415 590 578 639 apiculo.
730 587 811 628 829
840 597 990 627 TURBA
1015 597 1167 627 PHARI.
1237 588 1331 626 libri
1355 589 1466 627 turba

139 648 224 693 feri.
297 648 426 696 recepi
456 650 632 686 veterem
656 648 928 686 coniecturam.
1001 648 1025 694 f
1044 649 1083 685 et
1107 648 1162 694 ph
1185 647 1227 685 in
1250 646 1465 685 Petaviano

140 717 261 754 aeque
286 706 533 754 promiscuae
559 708 661 753 sunt,
693 709 811 754 atque
835 706 877 742 in
900 705 1074 743 Mediceo
1106 705 1280 755 Vergilii.
1350 705 1464 744 intel-

139 763 228 812 lego
260 765 539 813 grammaticos
564 765 624 802 vel
651 765 945 813 grammatistas
977 775 1151 813 graecos,
1182 763 1318 812 quales
1342 763 1384 800 in
1407 763 1465 800 in·

141 821 419 870 scriptionibus
450 835 473 860 a
504 822 637 860 latinis
669 823 953 870 discernuntur,
984 821 1281 870 Alexandrinos,
1311 821 1376 858 vel
1399 821 1466 870 qui

141 879 216 916 dici
236 880 457 929 cupiebant,
482 881 585 918 inter
604 880 777 929 insignes
798 880 884 917 aevi
903 880 1118 917 Nasoniani
1136 879 1256 917 Urbis
1276 879 1465 928 doctores,

141 937 259 975 Trist.
284 937 365 975 1111
390 947 419 976 X
447 940 512 986 16,
544 938 727 976 Verrium
752 939 944 986 Flaccum,
977 937 1221 986 Crassitium,
1252 937 1466 987 Hyginum,

141 993 320 1032 Clodium
352 995 538 1044 Tuscum,
577 995 789 1034 Caecilium
818 996 1040 1045 Epirotam,
1072 995 1267 1033 contemni
1297 997 1466 1045 coeptos.

256 1050 360 1091 LIB.
381 1054 463 1091 IIII
490 1051 573 1092 209
601 1062 791 1099 CLIPEOS
817 1062 1029 1092 MANIBUS.
1089 1054 1270 1092 revocavi
1302 1054 1466 1102 scriptu-

141 1123 225 1148 ram
257 1112 448 1150 librorum
474 1113 694 1161 meliorum,
726 1113 816 1161 quia
840 1115 1029 1161 tympana
1048 1114 1152 1150 certe
1175 1113 1255 1150 183
1277 1113 1358 1150 213
1382 1113 1464 1150 342

140 1169 322 1207 manibus
361 1171 578 1218 pulsantur.
653 1171 699 1208 de
731 1171 930 1208 Lactantii
967 1170 1161 1219 scriptura
1197 1171 1354 1208 sudibus
1389 1182 1468 1207 non

141 1227 237 1264 satis
262 1228 361 1265 mihi
386 1231 554 1267 constat:
588 1229 621 1266 si
645 1231 853 1277 constaret,
884 1228 1072 1267 Lobeckii
1096 1228 1285 1266 correctio
1305 1229 1465 1275 tudibus,

141 1298 240 1334 quae
276 1298 402 1334 neque
440 1299 460 1324 e
497 1287 614 1324 Festo
653 1287 748 1325 satis
786 1290 873 1324 tuto
911 1286 1154 1335 depromitur
1191 1288 1230 1324 et
1266 1286 1307 1323 in
1337 1287 1467 1324 Aetna

142 1346 274 1391 spreta
306 1347 366 1380 est
396 1345 445 1382 ab
479 1345 626 1382 editore
671 1345 911 1392 doctissimo,
949 1347 1106 1393 poterat
1136 1347 1270 1382 tamen
1299 1345 1466 1393 placere.

140 1402 299 1439 rudibus
343 1404 402 1439 est
444 1403 618 1440 codicum
662 1404 1004 1451 interpolatorum,
1049 1402 1152 1452 quod
1195 1403 1245 1439 ad
1287 1403 1467 1451 cymbala

141 1461 248 1497 recte
290 1461 530 1509 conveniret,
574 1461 640 1498 vix
677 1461 726 1498 ad
762 1461 912 1510 galeas,
957 1461 1006 1498 ad
1043 1462 1155 1498 scuta
1190 1461 1298 1498 nullo
1335 1461 1466 1499 modo:

140 1517 287 1566 gracile
320 1520 359 1555 et
388 1519 567 1556 inefficax
592 1518 641 1556 ad
665 1519 824 1567 pulsum
849 1519 888 1555 id
907 1519 1189 1556 ferramentum
1208 1518 1297 1567 fuit,
1315 1518 1467 1556 ferulae

141 1575 190 1612 ad
221 1575 391 1624 modum,
423 1577 633 1614 secundum
665 1577 838 1614 Plinium
868 1577 958 1615 Nat.
978 1577 1014 1615 h.
1034 1576 1226 1614 XXXIIII
1248 1578 1342 1615 170.

142 1630 225 1671 329
264 1642 481 1672 TIBEBINA
518 1643 711 1674 PRIORES
749 1643 887 1672 ATRIA
925 1643 1172 1673 DIXERUNT.
1244 1646 1332 1673 cum
1369 1635 1468 1672 hanc

142 1691 376 1739 scripturam
412 1693 586 1741 primum
622 1706 642 1730 e
673 1693 870 1731 codicibus
906 1693 1120 1741 introduxi,
1157 1692 1329 1730 incertus
1361 1704 1468 1730 eram

141 1749 188 1787 de
214 1750 551 1799 interpretatione,
576 1765 611 1800 p.
635 1759 788 1789 CXLVII
814 1751 872 1789 ed.
898 1751 1020 1788 Reim.
1086 1750 1143 1788 ibi
1175 1762 1274 1800 quae
1303 1750 1468 1799 posthac

140 1807 287 1845 Romae
308 1808 514 1858 adscripsi,
546 1809 595 1847 ad
620 1810 784 1847 verbum
810 1809 872 1846 hic
896 1810 1026 1857 posita
1044 1811 1176 1848 sunto:
1209 1805 1272 1847 ‘ist
1288 1821 1339 1848 so.
1412 1821 1468 1848 wo

141 1867 200 1904 die
233 1866 307 1905 Via
331 1869 550 1914 portuensis
579 1871 705 1905 zuerst
735 1868 806 1905 den
835 1869 930 1913 fluss
963 1868 1125 1914 bertilzrt,
1156 1868 1362 1915 ohnyefdkr
1387 1869 1469 1906 ἄνεί

141 1926 294 1972 miylz‘en
312 1937 383 1963 von
402 1926 521 1964 Porta
538 1927 785 1972 flumentana,
810 1927 860 1964 ist
878 1927 948 1964 das
966 1927 1053 1973 ufer
1071 1926 1184 1964 bether
1203 1926 1262 1964 als
1279 1926 1468 1974 iryendwo

141 1985 182 2020 in
219 1984 290 2021 den
328 1986 449 2021 ersten
482 1985 646 2032 miylien.
717 1985 759 2022 in
794 1984 872 2021 ihm
908 1986 988 2022 tritt
1024 1986 1084 2022 ein
1113 1984 1345 2022 senkrechter
1372 1985 1468 2022 vier-

142 2042 285 2089 eckiqer
303 2043 374 2089 sels
392 2043 543 2090 hervor,
569 2043 667 2081 links
690 2042 808 2080 neben
830 2042 908 2079 ihm
932 2043 1190 2090 feiyenba'ume
1213 2043 1294 2080 und
1309 2045 1467 2090 myrten,

142 2102 254 2137 etwas
290 2101 410 2138 rechts
446 2103 527 2139 vier
559 2112 690 2148 ⁸qrosse
726 2101 921 2148 felsblo‘cke
956 2102 1009 2138 im
1052 2101 1241 2138 halbkreis
1278 2111 1349 2138 aus
1385 2100 1468 2138 dem

141 2169 282 2196 wasser
312 2160 467 2205 rayend.
540 2160 606 2197 der
630 2160 726 2205 fluss
756 2160 852 2206 bieqt
880 2159 993 2196 selbst
1021 2159 1119 2196 nach
1149 2159 1247 2196 Zinks
1275 2170 1360 2201 aus,
1391 2159 1470 2205 fast
1540 2201 1542 2203 ,

143 2217 193 2253 im
229 2216 433 2265 halbkrez's,
471 2228 511 2255 so
550 2218 640 2255 dass
675 2228 767 2254 man
796 2217 894 2255 nach
930 2218 1076 2264 einigem
1105 2217 1266 2255 humdert
1294 2216 1469 2254 schritten

143 2275 214 2312 den
243 2275 519 2313 romantischen
543 2276 670 2323 pzmkt
699 2275 866 2314 ziemlick
893 2276 1100 2323 yeqemzber
1126 2274 1336 2313 betraclzten
1354 2274 1467 2313 kawn.
