1570 2527
522 112 587 146 111.
614 120 630 145 1
652 114 793 146 ’ΖΟ-ΠΙ
813 115 868 147 24.
1318 110 1372 152 41

146 220 267 259 Roma
301 220 520 272 domusque
554 220 659 260 subit
692 220 1010 272 desideriumque
1043 219 1245 272 locorum,

147 278 344 330 Quicquid
377 285 416 318 et
447 280 588 318 amissa
620 284 744 318 restat
775 280 816 318 in
849 279 946 318 urbe
979 280 1078 318 mei.

144 336 193 375 Ei
224 337 320 376 mihi
338 368 349 389 ‚
384 338 487 388 quod
520 339 664 376 totiens
697 339 824 377 nostri
856 337 1007 389 pulsata
1040 336 1212 389 sepulcri

147 395 296 448 lanua,
328 396 396 435 sed
429 395 536 435 nullo
569 402 745 447 tempore
780 402 913 448 aperta
947 395 1042 435 fuit!

81 460 126 493 25
149 454 228 493 Cur
261 466 332 506 ego
365 460 423 494 tot
454 454 601 506 gladios
635 455 716 505 fugi
748 457 972 506 totiensque
1005 456 1151 494 minata

146 512 289 552 Obruit
319 513 455 552 infelix
487 513 592 552 nulla
624 513 796 564 procella
827 510 984 564 caput?

145 571 222 623 Di,
254 583 353 623 quos
387 573 568 623 experior
601 574 766 611 nimium
799 577 1027 611 constanter
1058 573 1215 624 iniquos
1235 604 1246 624 ,

145 630 362 681 Participes
394 632 474 669 irae
508 643 606 681 quos
639 631 735 670 deus
768 643 871 670 unus
903 631 1043 683 habet,

145 688 403 727 Exstimulate
424 721 435 741 ‚
466 701 638 741 precor,
671 691 864 728 cessantia
897 690 974 728 sata
1006 690 1161 741 meique

80 755 125 786 30
146 745 334 786 Interitus
367 746 518 787 clausas
551 759 637 786 esse
670 753 797 787 vetate
831 747 958 786 fores!

651 875 735 922 III.

143 978 248 1020 Haec
280 993 394 1033 mea,
429 982 461 1020 si
494 993 587 1020 casu
620 982 806 1033 miraris,
843 981 1006 1032 epistula
1040 993 1161 1033 quare

144 1040 316 1079 Alterius
348 1040 478 1091 digitis
511 1041 658 1091 scripta
690 1041 762 1079 sit:
795 1051 910 1090 aeger
943 1052 1074 1079 eram.

144 1099 270 1150 Aeger
301 1100 342 1137 in
376 1100 561 1137 extremis
593 1100 718 1149 ignoti
749 1098 926 1150 partibus
959 1098 1089 1152 orbis,

145 1157 405 1208 incertusque
439 1169 546 1196 meae
579 1169 703 1208 paene
736 1157 872 1196 salutis
906 1169 1035 1196 eram.

103 1224 123 1255 5
146 1216 270 1262 Quem
302 1216 400 1254 mihi
431 1228 536 1255 nunc
569 1217 742 1255 animum
775 1216 858 1254 dira
892 1217 1051 1267 regione
1084 1217 1228 1256 iacenti

143 1274 250 1313 Inter
284 1274 534 1313 Sauromatas
567 1286 654 1313 esse
687 1274 882 1326 Getasque
915 1272 1070 1326 putes?

144 1332 225 1372 Nec
257 1333 408 1372 caelum
439 1335 596 1385 patior,
628 1345 702 1372 nec
735 1335 846 1384 aquis
879 1333 1128 1373 adsuevimus
1161 1335 1271 1386 istis,

144 1391 347 1442 Terraque
380 1393 512 1431 nescio
547 1404 623 1443 quo
656 1404 733 1430 non
767 1392 893 1442 placet
925 1393 1009 1443 ipsa
1040 1392 1179 1431 modo.

143 1449 229 1488 Non
262 1449 400 1488 domus
433 1456 520 1501 apta
554 1452 677 1501 satis,
710 1462 789 1488 non
821 1450 884 1488 hic
918 1450 1029 1489 cibus
1062 1450 1169 1489 utilis
1202 1462 1343 1504 aegr0‚

85 1516 127 1547 10
147 1507 286 1547 Nullus
305 1540 316 1560 ‚
348 1507 548 1559 Apollinea
582 1509 650 1559 qui
682 1508 783 1546 levet
816 1514 898 1547 arte
930 1509 1100 1561 malum,

144 1565 230 1605 Non
264 1568 331 1618 qui
364 1566 513 1605 soletur
534 1598 544 1618 ,
579 1578 657 1605 non
691 1568 759 1618 qui
790 1566 958 1606 labentia
992 1567 1100 1606 tarde

143 1624 337 1676 Tempora
370 1625 564 1664 narrando
596 1625 730 1676 fallat,
763 1627 912 1665 amicus
945 1625 1078 1665 adest.

144 1682 290 1723 Lassus
322 1685 362 1722 in
395 1685 581 1722 extremis
613 1685 721 1723 iaceo
754 1684 988 1736 populisque
1019 1684 1220 1737 locisque,

144 1741 195 1781 Et
226 1741 333 1782 subit
365 1742 516 1782 adfecto
549 1754 655 1782 nunc
687 1742 811 1794 mihi,
845 1743 1031 1794 quicquid
1066 1743 1198 1782 abest.

80 1808 122 1840 15
143 1800 283 1840 Omnia
315 1813 405 1840 cum
437 1801 633 1853 subeant,
666 1802 790 1840 vincis
822 1807 952 1841 tamen
985 1804 1142 1855 omnia,
1176 1804 1346 1842 coniunx

144 1859 195 1898 Et
224 1859 313 1911 plus
345 1861 385 1898 in
418 1866 553 1899 nostro
585 1865 746 1912 pectore
779 1865 890 1912 parte
923 1866 1057 1900 tenes.

141 1917 197 1956 Te
230 1918 369 1970 loquor
401 1918 632 1971 absentem,
666 1924 704 1958 te
736 1931 810 1957 vox
843 1931 926 1958 mea
959 1920 1134 1958 nominat
1167 1932 1310 1973 unam3

141 1976 255 2016 Nulla
286 1978 392 2016 venit
424 1979 508 2016 sine
540 1983 578 2016 te
611 1989 688 2016 nox
720 1977 845 2029 mihi,
878 1978 983 2017 nulla
1016 1978 1123 2016 dies.

143 2035 247 2081 Quin
280 2037 397 2075 etiam
430 2037 485 2075 sic
517 2048 578 2075 me
611 2036 748 2075 dicunt
780 2036 904 2075 aliena
935 2036 1132 2089 locutum,

77 2102 121 2134 20
143 2093 192 2133 Ut
224 2094 325 2133 soret
357 2096 503 2134 amenti
534 2106 677 2134 nomen
708 2096 748 2134 in
781 2107 848 2133 ore
882 2100 1017 2134 tuum.

143 2152 184 2192 Si
214 2154 291 2192 iam
323 2153 529 2205 deficiam,
563 2153 856 2205 subpressaque
888 2153 1020 2205 lingua
1051 2152 1178 2205 palato

143 2210 212 2250 Vix
244 2211 430 2251 instillato
463 2212 706 2252 restituenda
739 2224 872 2262 mero,

141 2269 304 2309 Nuntiet
334 2270 412 2310 huc
444 2271 590 2323 aliquis·
617 2271 813 2310 dominam
846 2271 999 2310 venisse
1018 2301 1029 2323 ,
1061 2282 1290 2323 resurgam,

143 2328 320 2380 Spesque
355 2331 412 2369 tui
443 2329 557 2368 nobis
590 2341 706 2369 causa
738 2330 882 2380 vigoris
915 2331 1011 2368 erit.
