1570 2527
497 100 557 134 IV.
584 107 611 132 X
633 100 790 133 119—V.
814 108 830 132 I
849 101 904 132 54.
1320 97 1373 138 81

151 208 317 260 Aptior,
348 208 550 259 ingenium
583 209 705 260 mite,
737 207 916 246 Tibullus
949 208 1045 246 erit.

153 267 280 317 Atque
312 267 462 305 utinam
495 278 660 305 numero
693 278 771 304 non
803 278 875 305 nos
909 277 1084 305 essemus
1115 266 1155 303 in
1188 264 1286 304 isto!

87 332 131 364 20
152 324 198 363 Ei
230 324 325 363 mihi
343 357 354 377 ,
387 337 458 364 cur
489 336 675 376 umquam
707 324 816 363 Musa
848 326 973 363 iocata
1004 335 1089 363 mea
1122 322 1203 362 est!

155 383 231 422 Sed
263 383 440 422 dedimus
473 395 649 436 poenas,
683 383 934 434 Scythicique
967 384 1007 421 in
1040 381 1183 421 finibus
1214 381 1338 421 Histri

152 441 220 480 Ille
252 441 468 493 pharetrati
498 442 607 481 lusor
640 443 794 481 Amoris
827 442 960 480 abest.

155 500 267 546 Quod
301 506 512 553 superest,
545 513 730 540 numeros
764 500 810 539 ad
842 500 998 552 publica
1031 500 1203 539 carmina
1234 499 1347 551 flexi,

154 558 204 597 Et
236 571 430 598 memores
462 561 560 599 iussi
592 561 761 598 nominis
793 571 880 598 esse
913 560 996 598 sui.

90 624 134 655 25
157 617 198 656 Si
231 623 361 656 tamen
393 630 414 656 e
446 618 556 657 vobis
589 617 729 670 aliquis
748 650 759 670 ,
790 624 869 657 tam
901 617 1053 669 multa,
1085 618 1285 669 requiret,

155 675 265 714 Unde
298 676 463 715 dolenda
496 689 659 716 canam:
703 676 826 716 multa
857 676 1021 715 dolenda
1053 675 1146 714 tuli.

154 733 239 772 Non
271 734 367 773 haec
398 737 554 785 ingenio
575 767 584 785 ,
616 747 695 773 non
726 735 823 774 haec
855 735 1126 786 componimus
1158 740 1265 773 arte:

155 792 317 831 Materia
349 799 408 831 est
439 795 610 845 propriis
643 795 845 844 ingeniosa
877 793 1010 832 malis.

154 850 205 890 Et
236 856 354 902 quota
386 852 566 890 fortunae
598 863 689 903 pars
722 857 782 891 est
812 853 852 890 in
885 852 1057 890 carmine
1091 848 1284 889 nostrae?

91 917 136 948 30
156 909 262 948 Felix
282 941 294 963 ,
328 911 394 961 qui
425 912 573 962 patitur
606 923 704 962 quae
736 922 945 950 numerare
978 908 1130 960 potest!

157 967 261 1013 Quot
292 969 456 1008 frutices
489 969 606 1008 silvae
625 1000 636 1021 ‚
668 974 764 1020 quot
794 969 911 1007 flavas
944 967 1113 1019 Thybris
1144 967 1334 1020 harenas,

155 1027 282 1066 Mollia
316 1033 412 1079 quot
442 1027 577 1067 Martis
609 1030 783 1079 gramina
816 1039 977 1078 campus
1009 1026 1149 1078 habet,

157 1085 232 1124 Tot
263 1086 362 1125 mala
392 1086 657 1139 pertulimus,
690 1099 859 1139 quorum
891 1085 1082 1125 medicina
1117 1086 1308 1136 quiesque

156 1143 270 1183 Nulla
303 1146 377 1184 nisi
408 1147 449 1184 in
483 1145 611 1185 studio
645 1152 705 1185 est
736 1145 1015 1196 Pieridumque
1048 1155 1178 1182 mora.

92 1210 137 1241 35
160 1200 273 1248 ‘Quis
300 1203 394 1256 tihi,
420 1203 546 1257 Naso,
578 1204 717 1243 modus
743 1204 939 1243 lacrimosi
966 1203 1149 1242 carminis
1163 1198 1200 1241 ‘P'
1227 1203 1379 1253 inquis:

157 1261 293 1314 Idem,
326 1263 505 1301 fortunae
538 1264 606 1314 qui
636 1263 776 1302 modus
808 1262 925 1301 huius
958 1264 1055 1300 erit.

158 1319 268 1364 Quod
303 1333 475 1374 querar,
513 1321 576 1360 illa
608 1321 704 1360 mihi
734 1321 850 1373 pleno
883 1321 931 1360 de
964 1321 1070 1360 fonte
1102 1320 1321 1371 ministrat,

157 1378 238 1418 Nec
271 1392 355 1418 mea
388 1386 508 1432 sunt,
541 1381 609 1420 fati
640 1380 758 1419 verba
789 1380 857 1419 sed
889 1381 963 1418 ista
995 1380 1097 1418 mei.

158 1437 207 1475 At
237 1438 332 1477 mihi
364 1440 397 1477 si
429 1451 518 1477 cara
549 1440 714 1490 patriam
747 1451 837 1478 cum
869 1439 1035 1488 coniuge
1068 1436 1233 1488 reddas,

94 1503 139 1533 40
161 1494 248 1536 Sint
279 1496 409 1535 vultus
441 1497 609 1548 hilares,
642 1499 794 1548 simque
827 1496 932 1548 quod
964 1502 1052 1534 ante
1084 1496 1162 1534 fui.

161 1553 305 1594 Lenior
336 1557 471 1594 invicti
504 1557 537 1594 si
569 1558 620 1595 sit
650 1556 745 1594 mihi
777 1555 953 1594 Caesaris
984 1556 1068 1603 ira,

161 1611 341 1653 Carmina
371 1614 540 1653 laetitiae
572 1616 648 1653 iam
680 1614 752 1653 tibi
782 1614 896 1666 plena
928 1612 1049 1652 dabo.

163 1672 243 1712 Nec
275 1679 403 1712 tamen
437 1679 482 1712 ut
511 1673 634 1725 lusit,
667 1685 807 1712 rursus
838 1684 925 1712 mea
957 1672 1087 1711 littera
1118 1671 1251 1711 ludet:

161 1731 219 1770 Sit
252 1731 371 1770 semel
403 1731 466 1770 illa
497 1733 583 1771 ioco
615 1731 810 1771 luxuriata
841 1729 956 1770 meo!

94 1795 139 1827 45
161 1789 272 1835 Quod
298 1789 439 1841 probet
470 1792 552 1842 ipse
572 1821 583 1843 ,
616 1802 774 1842 canam,
805 1802 955 1841 poenae
981 1788 1095 1828 modo
1121 1794 1232 1840 parte
1259 1788 1382 1828 levata

159 1848 384 1887 Barbariam
415 1849 562 1900 rigidos
595 1850 855 1900 effugiamque
889 1848 1030 1887 Getas.

159 1906 314 1946 Interea
345 1909 471 1946 nostri
503 1908 597 1959 quid
630 1914 772 1959 agant,
804 1909 881 1946 nisi
912 1908 1054 1958 triste,
1086 1904 1242 1945 libelli?

159 1965 270 2004 Tibia
303 1965 508 2005 funeribus
540 1968 723 2005 convenit
754 1968 827 2005 ista
860 1967 980 2004 meis.

161 2021 225 2063 ‘At
254 2021 428 2075 poteras'
460 2026 591 2076 inquis
624 2022 779 2063 ‘melius
811 2024 909 2063 mala
943 2024 1047 2062 ferre
1080 2022 1253 2075 silendo,

96 2088 140 2120 50
159 2082 210 2121 Et
241 2084 383 2121 tacitus
417 2095 530 2122 casus
563 2083 808 2122 dissimulare
840 2079 956 2122 tuos.⁹

159 2140 321 2194 Exigis,
354 2147 397 2181 ut
429 2141 525 2181 nulli
556 2143 725 2193 gemitus
757 2147 953 2180 tormenta
985 2144 1224 2192 sequantur,

159 2200 409 2251 Acceptoque
441 2202 549 2252 gravi
580 2200 741 2239 vulnere
773 2200 868 2239 flere
902 2196 1042 2238 vetas?

160 2257 246 2309 Ipse
278 2258 445 2298 Perilleo
477 2259 654 2298 Phalaris
685 2259 866 2310 permisit
896 2260 937 2297 in
969 2269 1058 2296 aere

159 2315 288 2355 Edere
320 2319 492 2369 mugitus
526 2324 564 2357 et
595 2317 705 2356 bovis
738 2329 805 2356 ore
838 2318 972 2368 queri.

114 2388 221 2416 ovn).
251 2389 310 2415 111.
1150 2384 1170 2414 6
