1570 2527
639 111 667 144 1.
693 118 709 142 1
729 112 902 144 29—101.
1414 109 1439 149 3

152 226 195 257 65
215 215 347 267 Siquis
386 218 485 269 erit,
524 219 591 268 qui
628 223 690 268 te,
742 220 831 269 quia
859 219 912 257 sis
938 230 1078 270 meus,
1111 230 1197 257 esse
1229 217 1438 270 legendum

214 276 300 315 Non
332 281 473 328 putet,
506 288 526 314 e
559 277 708 327 gremio
740 278 955 328 reiciatque
989 289 1060 316 suo
1079 308 1091 329 ‚

214 331 397 386 ‘Inspice’
429 334 491 373 dic
524 331 697 374 ‘titulum
718 366 726 375 .
777 347 855 374 non
889 347 975 374 sum
1007 342 1240 387 praeceptor
1272 337 1437 375 amoris.

213 392 317 438 Quas
349 395 522 445 meruit,
555 405 701 444 poenas
733 395 808 432 iam
842 393 948 432 dedit
980 394 1075 433 illud
1108 407 1206 446 opus
1221 392 1245 433 .'

211 451 392 491 Forsitan
425 458 609 503 expectes
628 483 639 504 ‚
672 464 719 491 an
751 454 791 491 in
824 452 898 491 alta
930 452 1069 503 palatia
1101 455 1266 492 missum

148 519 191 549 70
214 510 410 549 Scandere
443 516 481 548 te
514 510 669 549 iubeam
704 510 1009 562 Caesareamque
1044 510 1238 551 domum?

211 568 420 620 Ignoscant
452 575 616 620 augusta
649 569 744 608 mihi
776 569 859 608 loca
892 570 1009 620 dique
1042 570 1241 610 locorum!

211 627 326 666 Venit
356 629 396 666 in
429 627 502 666 hoc
534 627 599 666 illa
632 628 779 666 fulmen
812 628 859 666 ab
893 640 981 667 arce
1015 635 1153 680 caput..

210 685 306 724 Esse
340 685 497 736 quidem
530 688 690 724 memini
715 688 924 725 *mitissima
957 687 1116 726 sedibus
1148 687 1224 726 illis

208 743 376 782 Numina
395 775 404 783 .
462 744 530 782 sed
562 746 680 782 timeo
699 775 710 796 ‚
744 746 810 795 qui
842 757 1043 796 nocuere,
1077 745 1182 784 deos.

146 811 188 842 75
209 802 400 841 Terretur
433 803 593 840 minimo
626 814 776 853 pennae
811 803 979 841 stridore
1014 803 1216 855 columba,

208 860 443 912 Unguibus,
476 862 693 911 accipiter,
726 862 856 900 saucia
889 861 987 900 facta
1020 863 1121 900 tuis.

207 919 288 958 Nec
320 919 459 971 procul
491 931 510 958 a
543 919 706 958 stabulis
739 919 856 958 audet
888 919 1089 958 discedere
1109 951 1120 972 ‚
1153 922 1263 972 siqua

207 978 382 1017 Excussa
415 984 474 1017 est
506 978 607 1017 avidi
638 977 821 1017 dentibus
857 990 953 1029 agna
985 978 1089 1030 lupi.

207 1036 356 1076 Vitaret
388 1036 538 1075 caelum
570 1036 772 1076 Phaethon
791 1068 802 1088 ,
836 1038 868 1075 si
900 1038 1077 1089 viveret,
1110 1043 1149 1076 et
1181 1050 1280 1089 quos

143 1104 186 1135 80
208 1096 370 1147 Optarat
403 1095 520 1134 stulte
540 1127 551 1147 ,
583 1101 743 1146 tangere
775 1095 896 1134 nollet
929 1108 1074 1147 equos.

208 1154 269 1193 Me
304 1166 460 1205 quoque
480 1185 490 1205 ‚
524 1166 623 1205 quae
655 1155 792 1206 sensi,
824 1154 948 1193 fateor
980 1154 1082 1193 Iovis
1114 1167 1220 1193 arma
1253 1156 1403 1194 timere.

207 1213 268 1251 Me
299 1225 390 1251 reor
422 1213 565 1251 infesto
586 1244 597 1264 ,
633 1209 723 1251 cum
755 1218 892 1264 tonat,
924 1214 1013 1264 igne
1046 1215 1150 1264 peti.

209 1271 456 1322 Quicumque
488 1270 669 1323 Argolica
701 1271 747 1310 de
781 1271 904 1310 classe
938 1271 1137 1322 Capherea
1169 1273 1292 1325 fugit,

207 1330 373 1381 Semper
405 1329 451 1369 ab
484 1329 671 1369 Euboicis
703 1330 786 1368 vela
817 1331 979 1369 retorsit
1011 1332 1146 1382 aquis.

144 1397 186 1428 85
208 1388 258 1427 Et
289 1400 375 1427 mea
407 1388 547 1427 cumba
568 1420 579 1440 ‚
612 1388 733 1427 semel
765 1394 871 1427 vasta
902 1401 1093 1439 percussa
1124 1389 1294 1439 procella

205 1447 318 1486 Illum
337 1477 348 1498 ,
381 1459 458 1497 quo
490 1447 594 1485 laesa
625 1452 716 1498 est,
746 1446 883 1485 horret
915 1447 1021 1485 adire
1054 1447 1206 1486 locum.

206 1505 310 1556 Ergo
343 1516 433 1544 cave
452 1536 463 1557 ,
494 1504 624 1557 liber,
657 1511 696 1544 et
727 1504 862 1543 timida
894 1506 1154 1557 circumspice
1187 1512 1341 1546 mente:

205 1563 256 1603 Ut
288 1565 381 1603 satis
414 1576 434 1602 a
466 1563 593 1602 media
624 1565 675 1602 sit
707 1563 777 1602 tibi
808 1563 922 1614 plebe
954 1563 1058 1615 legi.

206 1622 306 1661 Dum
337 1624 438 1673 petit
469 1622 635 1660 infirmis
668 1623 832 1661 nimium
864 1622 1045 1661 sublimia
1077 1624 1218 1674 pennis

141 1689 184 1720 90
205 1680 366 1733 Icarus,
399 1682 606 1731 aequoreis
638 1682 795 1719 nomina
827 1681 920 1719 fecit
952 1683 1086 1732 aquis.

203 1738 367 1779 Difficile
400 1744 460 1778 est
492 1745 621 1778 tamen
640 1770 651 1791 ‚
682 1739 774 1778 hinc
806 1741 925 1785 remis
957 1741 1080 1779 utaris
1113 1752 1161 1778 an
1193 1752 1286 1779 aura

202 1798 342 1838 Dicere
364 1827 372 1836 .
422 1797 628 1837 consilium
660 1809 804 1849 resque
835 1798 1024 1849 locusque
1057 1798 1226 1838 dabunt.

204 1857 245 1897 Si
276 1857 426 1908 poteris
458 1868 580 1896 vacuo
613 1856 744 1909 tradi,
780 1858 814 1895 si
846 1862 986 1896 cuncta
1019 1856 1169 1896 videbis

201 1916 308 1955 Mitia
326 1947 337 1967 ,
370 1917 404 1955 si
434 1916 539 1954 vires
570 1915 734 1966 fregerit
764 1916 822 1954 ira
854 1928 944 1955 suas
963 1947 974 1967 ‚

138 1983 182 2015 95
205 1973 337 2025 Siquis
376 1975 471 2026 erit,
506 1975 574 2026 qui
611 1980 650 2014 te
681 1974 924 2014 dubitantem
982 1979 1021 2012 et
1053 1974 1160 2013 adire
1194 1975 1397 2015 timentem

202 2033 375 2084 Tradat,
408 2037 448 2070 et
479 2037 568 2071 ante
601 2038 731 2071 tamen
762 2044 886 2084 pauca
918 2032 1129 2084 loquatur,
1162 2033 1248 2073 adi.

201 2091 307 2131 Luce
340 2091 441 2129 hona
473 2090 711 2142 dominoque
743 2096 810 2130 tuo
845 2091 994 2130 felicior
1026 2092 1111 2142 ipso

200 2150 409 2190 Pervenias
440 2149 533 2188 illuc
567 2155 606 2188 et
636 2149 734 2188 mala
765 2155 900 2188 nostra
931 2149 1059 2188 leves.

201 2208 376 2260 Namque
410 2220 454 2247 ea
485 2208 546 2247 vel
577 2221 723 2261 nemo,
755 2208 814 2246 vel
847 2209 915 2259 qui
945 2207 1041 2247 mihi
1073 2208 1234 2248 vulnera
1266 2210 1357 2249 fecit

114 2276 180 2307 100
203 2267 316 2306 Solus
347 2266 520 2306 Achilleo
552 2267 690 2306 tollere
723 2278 831 2305 more
862 2271 1015 2318 potest.

202 2326 370 2366 Tantum
401 2338 450 2364 ne
484 2338 655 2378 noceas,
688 2325 780 2365 dum
812 2327 870 2364 vis
896 2325 1113 2378 prodesse,
1145 2326 1297 2366 videto!

1166 2392 1210 2427 1*
