1570 2527
172 139 256 180 308
716 137 970 170 FASTORUM

291 247 372 286 Hoc
405 247 516 285 Celer
550 252 662 296 urget
694 257 821 296 opus,
854 257 969 296 quem
996 245 1186 284 Romulus
1217 247 1300 296 ipse
1333 249 1507 295 vocarat,

350 301 558 355 ‘Sint'que
578 335 588 355 ,
620 301 747 342 eCeler
766 335 776 354 ,
808 301 945 342 curae’
978 304 1127 342 dixerat
1159 301 1253 342 ‘ista
1285 307 1396 341 tuae.

291 363 393 401 Neve
426 363 513 413 quis
546 367 612 400 aut
643 374 806 413 muros,
839 368 904 400 aut
937 362 1074 400 factam
1107 374 1262 400 vomere
1295 361 1438 399 fossam

206 430 273 460 840
353 421 568 471 Transeat,
601 421 808 459 audentem
839 420 928 459 talia
961 420 1057 458 dede
1090 416 1224 458 neci.’

293 479 402 525 Quod
436 479 580 517 Remus
613 480 796 529 ignorans
829 478 997 516 humiles
1030 484 1280 517 contemnere
1313 489 1447 516 muros

353 538 517 589 Coepit,
551 543 587 575 et
621 534 701 575 ‘his
733 533 922 588 populus'
956 536 1087 576 dicere
1121 534 1250 575 ‘tutus
1281 531 1412 575 erit?'

291 595 369 635 Nec
401 607 537 646 mora,
569 595 792 634 transiluit.
849 600 959 633 rutro
993 595 1104 634 Celer
1141 601 1307 646 occupat
1343 605 1507 645 ausum,

350 654 417 692 Ille
450 655 592 704 premit
624 653 760 692 duram
793 653 1115 704 sanguinulentus
1146 653 1333 692 humum.

206 721 272 751 845
294 713 396 751 Haec
428 712 495 751 ubi
527 724 596 750 rex
629 711 792 764 didicit,
824 711 1003 750 lacrimas
1034 713 1229 751 introrsus
1261 711 1418 750 obortas

353 771 518 809 Des-orat
536 802 547 821 ,
580 775 619 808 et
650 770 825 808 clausum
856 776 1015 821 pectore
1047 770 1184 810 volnus
1216 769 1355 809 habet.

294 829 406 868 Flere
438 828 563 880 palam
595 841 672 867 non
704 827 811 880 volt,
845 829 1096 879 exemplaque
1129 829 1243 867 fortia
1275 834 1426 880 servat,

354 884 540 937 eSic'que
574 884 702 925 emeos
735 899 868 925 muros
901 892 1073 926 transeat
1105 884 1249 926 hostis'
1282 888 1355 925 ait.

294 946 365 984 Dat
396 951 526 984 tamen
559 946 772 996 exequias;
804 957 876 983 nec
906 947 982 983 iam
1015 945 1254 996 suspendere
1286 945 1421 984 ssetum

207 1013 274 1043 850
355 1003 559 1054 Sustinet,
593 1010 632 1042 et
663 1004 785 1053 pietas
818 1003 1056 1042 dissimulata
1090 1009 1218 1055 patet3

294 1062 513 1113 Osculaque
545 1061 732 1112 adplicuit
763 1064 888 1112 posito
921 1073 1103 1112 suprema
1134 1063 1303 1112 feretro,

353 1122 477 1171 Atque
511 1122 563 1158 ait
596 1117 734 1158 ‘invito
767 1121 887 1158 frater
920 1120 1127 1170 adempte,
1159 1117 1285 1159 vale!⁷

297 1180 562 1229 [Arsurosque
595 1184 702 1216 artus
736 1179 874 1216 unxit.
930 1178 1059 1216 fecere
1079 1209 1089 1229 ,
1122 1177 1224 1229 quod
1257 1177 1344 1229 ille,

353 1236 562 1275 Faustulus
596 1242 634 1274 et
665 1242 831 1274 maestas
863 1236 963 1274 Acca
995 1236 1120 1274 soluta
1152 1248 1303 1275 comas.

208 1304 274 1335 855
295 1296 394 1334 Tum
426 1297 605 1333 iuvenem
638 1294 810 1332 nondum
843 1294 934 1332 facti
964 1294 1105 1333 flevere
1139 1294 1332 1339 Quirites.

353 1353 494 1392 Ultima
527 1352 675 1403 plorato
710 1352 863 1391 subdita
895 1353 1046 1390 flamma
1079 1365 1173 1403 rogo
1206 1359 1264 1391 est
1281 1352 1307 1402 .]

296 1412 398 1452 Urbs
430 1413 555 1450 oritur
582 1433 623 1437 —
652 1412 739 1461 quis
772 1417 866 1449 tunc
893 1411 965 1449 hoc
992 1411 1060 1449 ulli
1092 1411 1254 1449 credere
1279 1408 1446 1462 posset?
1466 1432 1508 1437 —

354 1470 548 1509 Victorem
584 1471 698 1508 terris
730 1471 958 1520 impositura
991 1469 1152 1519 pedem.

296 1529 444 1568 Cuncta
476 1540 617 1578 regas,
649 1533 687 1566 et
720 1529 772 1566 sis
806 1540 942 1578 magno
975 1527 1047 1566 sub
1080 1527 1243 1566 Caesare
1275 1540 1453 1580 semper,

209 1596 276 1627 860
357 1587 478 1637 Saepe
512 1588 627 1625 etiam
660 1586 792 1636 plures
825 1588 992 1624 nominis
1025 1585 1141 1624 huius
1173 1585 1293 1624 habe.

299 1645 361 1695 [Et
396 1646 576 1696 quotiens
609 1646 764 1683 steteris
797 1644 942 1683 domito
974 1644 1150 1683 sublimis
1183 1646 1222 1683 in
1254 1643 1372 1695 orbe,

355 1703 491 1742 Omnia
524 1705 602 1741 sint
633 1704 780 1741 umeris
810 1703 996 1741 inferiora
1028 1705 1105 1742 tuis
1119 1702 1146 1752 .]

535 1794 602 1834 22.
634 1793 734 1834 ΗΝ
802 1793 868 1834 23.
901 1792 1172 1834 AVIN·N2

298 1878 405 1917 Dicta
437 1877 546 1915 Pales
579 1876 719 1915 nobis.
775 1876 878 1914 idem
910 1876 1055 1914 Vinalia
1087 1877 1234 1915 dicam.
1437 1884 1510 1916 (153)

356 1936 438 1974 Una
470 1942 597 1974 tamen
631 1935 755 1973 media
788 1942 847 1973 est
878 1936 980 1973 inter
1012 1941 1217 1985 utramque
1250 1934 1354 1973 dies.

213 2004 279 2035 865
300 1995 466 2033 Numina
498 1994 672 2045 volgares
705 1992 866 2032 Veneris
899 1992 1092 2031 celebrate
1124 1991 1300 2044 puellae!

358 2052 476 2091 Multa
508 2053 773 2102 professarum
806 2051 1033 2102 quaestibus
1065 2057 1152 2102 apta
1183 2050 1335 2089 Venus.

300 2111 452 2150 Poscite
485 2117 572 2149 ture
605 2110 694 2149 dato
726 2111 888 2148 formam
921 2110 1132 2161 populique
1164 2109 1357 2159 favorem,

357 2170 511 2208 Poscite
544 2168 748 2208 blanditias
781 2168 972 2219 dignaque
1005 2168 1119 2206 verba
1151 2168 1259 2206 ioco.

302 2228 477 2279 Cumque
510 2239 579 2266 sua
611 2227 787 2266 dominae
820 2227 905 2265 date
938 2233 1045 2277 grata
1077 2224 1279 2277 sisymbria
1312 2230 1437 2276 myrto

213 2294 281 2326 870
360 2286 556 2336 Tectaque
590 2286 804 2336 composita
834 2287 972 2324 iuncea
1004 2284 1127 2323 vincla
1159 2296 1268 2322 rosa.

302 2343 460 2395 Templa
494 2344 733 2395 frequentari
766 2343 935 2382 Collinae
967 2344 1141 2394 proxima
1172 2349 1307 2393 portae
