1570 2527
1325 15 1392 49 VH

51 127 144 165 olim
176 127 217 164 in
249 125 306 165 ed.
334 126 483 164 Teubn.
514 138 550 174 p.
578 134 625 164 IX
652 137 672 163 e
698 124 827 163 Fastis
860 124 1028 172 enotavi,
1060 126 1129 162 aut
1156 125 1259 174 quod
1286 125 1392 163 Korn

50 185 147 223 mihi
184 184 367 234 opposuit
403 198 440 233 p.
473 192 551 224 XII.
625 195 762 222 versus
802 185 872 221 aut
903 182 1071 221 disticha
1102 183 1142 220 in
1175 183 1391 221 Petaviano

53 243 313 293 suspicionem
355 244 631 291 praeterquam
671 242 799 280 obiter
837 242 1071 291 quibusdam
1108 241 1278 280 movisse
1315 254 1394 278 non

51 302 218 350 invenio,
245 301 393 339 omittit
413 301 510 338 adeo
531 301 570 338 II
593 302 675 339 203
700 301 794 339 204.
870 300 916 338 de
938 300 1233 350 Hamburgensi
1258 302 1391 338 autem

51 360 255 399 verissime
287 362 423 399 contra
453 371 516 397 me
547 359 656 397 Korn
688 356 799 397 dixit.

170 418 270 457 Sunt
294 419 335 456 in
360 419 444 467 hoc,
471 419 564 456 sunt
587 418 625 455 in
647 417 770 456 Ibidis
798 419 837 456 et
857 418 1068 455 Fastorum
1086 417 1200 455 libris
1222 416 1390 466 egregiis

50 477 158 515 haud
189 477 285 515 adeo
317 489 454 526 pauca,
487 488 586 525 quae
611 477 729 525 paulo
757 476 1038 525 antiquiorum,
1071 476 1104 514 si
1130 478 1392 525 superessent,

50 536 286 574 auctoritate
306 535 479 585 expungi
503 535 681 584 potuisse
701 535 767 573 vix
792 535 1011 584 negaveris,
1045 547 1132 572 eum
1158 534 1390 573 confluxisse

49 606 192 632 novem
225 595 470 631 saeculorum
503 594 669 631 decursu
700 594 741 630 in
767 593 907 631 decimi
932 594 1054 632 libros
1081 606 1204 644 aeque
1231 605 1391 632 consen-

51 653 212 689 taneum
250 651 317 699 sit,
356 663 401 689 ac
437 651 649 689 verborum
681 651 1005 699 interpolationes
1044 652 1257 701 undecimi,
1297 651 1392 690 duo-

49 709 190 748 decimi
211 709 414 758 coaluisse,
441 709 545 758 quod
566 721 681 758 saepe
701 710 846 758 videas,
873 722 961 747 cum
982 711 1262 748 recentissimis
1283 710 1394 748 tertii

49 769 114 807 vel
145 768 278 817 quarti
308 768 460 807 decimi.
532 780 603 806 nec
629 768 798 806 multum
830 768 970 816 refert,
1003 768 1141 818 gravia
1167 781 1218 805 an
1243 769 1394 807 leviora

49 827 91 864 in
119 827 266 866 talibus
299 827 517 876 culpemus,
556 839 644 865 eum
675 826 836 875 perinde
868 826 1056 865 miserum
1089 826 1157 875 sit,
1202 827 1393 875 pessimos

50 887 120 924 aut
155 885 369 924 mediocres
406 897 544 924 versus
575 886 616 923 in
646 888 764 934 poeta
795 885 965 934 relinqui
997 886 1080 924 sola
1111 885 1275 923 testium
1305 885 1392 923 red-

50 944 303 994 arguentium
321 944 494 993 penuria.
563 946 750 993 poterant
768 944 968 982 interdum
980 944 1076 982 adeo
1089 944 1242 982 utiliter
1262 956 1394 982 aman-

51 1003 148 1053 dari,
181 1015 280 1054 quae
311 1003 546 1052 placuerunt
578 1005 647 1041 aut
678 1002 805 1041 adhuc
835 1003 1002 1051 placent.

170 1062 249 1099 Diu
281 1063 342 1100 est
374 1074 419 1100 ex
450 1074 527 1111 quo
560 1061 607 1100 de
638 1062 711 1100 hoc
737 1074 881 1112 genere
908 1062 1001 1099 data
1028 1074 1146 1110 opera
1173 1061 1393 1110 dispectum

49 1133 127 1158 non
153 1122 222 1158 est.
295 1120 380 1159 Nic.
406 1120 604 1170 Heinsius,
631 1121 856 1159 venerabile
882 1133 1036 1168 nomen,
1062 1122 1200 1158 notare
1228 1120 1393 1169 solebat,

49 1178 238 1228 quidquid
275 1179 444 1217 colorem
477 1178 728 1228 Ovidianum,
767 1179 871 1228 quod
908 1179 1056 1227 aiebat,
1095 1191 1174 1216 non
1210 1179 1393 1227 haberet,

50 1238 118 1276 sed
150 1237 197 1275 de
230 1250 273 1276 eo
306 1238 434 1276 colore
466 1238 667 1276 remissius
699 1238 817 1287 paulo
851 1240 890 1276 et
915 1234 1393 1286 clementiusstatuebat,

50 1296 281 1346 argutiolas,
308 1296 566 1346 calamistros,
592 1297 743 1335 ludicra
767 1297 1038 1345 insipientium
1064 1296 1395 1345 interpolatorum

49 1355 248 1393 interdum
273 1358 410 1393 contra
434 1355 561 1404 ipsam
580 1356 772 1393 bonorum
791 1356 984 1392 librorum
1003 1355 1119 1392 fidem
1139 1355 1392 1392 admittebat:

52 1415 98 1450 ut
128 1413 273 1451 mirum
303 1425 383 1451 non
415 1413 477 1461 sit,
511 1414 543 1451 si
575 1425 674 1462 quae
706 1414 755 1451 ab
783 1413 955 1461 antiquis
982 1413 1029 1450 de
1055 1415 1173 1461 poeta
1199 1425 1270 1450 sua
1296 1413 1394 1451 vitia

51 1473 209 1509 amante
247 1472 423 1521 graviter
454 1473 495 1509 et
527 1472 694 1510 scienter
726 1472 936 1510 observata
968 1473 1076 1520 sunt,
1113 1470 1394 1509 recrudescunt

50 1529 166 1567 hodie
202 1530 334 1579 inique
378 1532 418 1567 et
454 1532 650 1578 proterve.
723 1530 928 1568 Bentleius
971 1529 1168 1567 modicum
1205 1543 1393 1568 versuum

49 1599 273 1636 numerum,
312 1587 522 1625 admodum
562 1600 710 1637 ccxxx,
747 1588 998 1637 proscripsit,
1037 1600 1175 1626 causas
1213 1601 1292 1626 non
1330 1601 1392 1627 ex-

49 1646 191 1695 posuit.
263 1646 357 1685 fecit
405 1646 478 1684 hoc
520 1647 665 1695 ubique
709 1647 764 1686 10.
810 1646 1067 1695 Schraderus,
1120 1647 1310 1686 sermonis
1355 1650 1395 1686 et

51 1705 337 1743 sententiarum
369 1705 664 1744 convenientiae
689 1705 906 1755 castigator
932 1706 1216 1755 exactissimus,
1248 1706 1310 1744 vir
1334 1706 1392 1744 in-

50 1764 247 1813 geniosus,
272 1764 311 1801 in
337 1764 688 1802 Emendationibus
715 1767 756 1802 et
781 1764 933 1803 schedis
959 1764 1136 1803 ineditis:
1169 1765 1238 1803 sed
1262 1765 1392 1803 nescio

51 1834 126 1872 quo
158 1822 242 1860 fato
273 1835 391 1872 quam
428 1823 591 1871 meruit,
631 1823 746 1861 laude
779 1823 986 1861 fraudatus
1020 1826 1096 1872 est,
1135 1823 1231 1862 adeo
1270 1826 1315 1862 ut
1347 1824 1393 1861 de

51 1881 248 1919 Tristibus
282 1883 322 1919 et
341 1881 452 1919 Ibide
479 1894 578 1931 quae
603 1882 822 1931 publicavit
846 1883 911 1921 vel
936 1882 1062 1931 hodie,
1094 1884 1204 1931 puto,
1235 1882 1394 1931 insuper

50 1939 280 1978 habeantur.
354 1942 445 1988 post
480 1940 600 1990 hunc,
638 1941 705 1990 qui
745 1941 843 1979 obiit
881 1943 971 1979 ante
1009 1941 1114 1990 ipsos
1148 1953 1271 1979 annos
1303 1954 1389 1979 cen-

49 2000 155 2047 tum,
193 2000 233 2037 et
269 1998 543 2048 paucissimos,
584 1999 651 2048 qui
688 2000 859 2049 vestigia
895 2001 1142 2049 presserunt,
1183 2000 1307 2038 omnis
1348 2012 1393 2038 ea

49 2057 227 2106 quaestio
259 2057 452 2108 elanguit,
485 2057 605 2096 donec
635 2058 846 2097 novissime
879 2058 1125 2107 aliquantum
1157 2059 1392 2097 resuscitata

51 2116 128 2164 est,
166 2115 282 2165 idque
319 2116 512 2155 bifariam.
588 2129 676 2155 cum
714 2131 733 2155 e
772 2117 964 2154 librorum
1009 2117 1246 2167 optimorum
1289 2130 1392 2166 penu

50 2185 129 2210 non
158 2174 268 2212 nulla
298 2177 437 2223 poetae
463 2175 692 2214 nervosiora
718 2177 759 2213 et
785 2175 1003 2224 signatiora
1029 2177 1264 2225 deprompta
1289 2179 1391 2224 sunt,

50 2232 91 2269 id
122 2245 274 2282 quoque
301 2235 538 2283 temptatum
565 2236 636 2282 est,
669 2236 714 2272 ut
740 2230 977 2283 comparatis
1005 2234 1109 2273 inter
1135 2247 1176 2273 se
1202 2248 1302 2284 quae
1328 2235 1393 2273 vel
