1570 2527
205 114 288 155 144
740 115 803 147 Ex
829 114 985 147 PONTo

377 223 474 275 1110,
507 235 583 274 quo
616 222 804 273 templum
835 228 993 274 pectore
1026 235 1180 274 semper
1211 222 1349 262 habet.

256 290 299 321 35
321 281 482 332 Quaque
514 282 632 333 ierit,
664 280 754 319 felix
787 281 980 320 adiectum
1012 280 1212 332 plausibus
1244 293 1381 334 omen,

380 340 555 390 Saxaque
587 340 728 378 roratis
760 338 965 378 erubuisse
997 341 1119 378 rosis.

319 398 503 437 Protinus
535 403 695 449 argento
727 409 860 436 versos
892 398 1081 436 imitantia
1112 409 1245 436 muros

376 455 545 494 Barbara
577 467 665 495 cum
696 457 812 507 pictis
843 455 984 507 oppida
1015 456 1090 495 lata
1121 457 1238 507 viris,

320 513 575 565 Fluminaque
609 519 647 553 et
678 519 830 553 montes
862 519 901 552 et
931 515 971 552 in
1004 513 1090 552 altis
1122 513 1269 564 proelia
1301 513 1407 552 silvis

253 580 298 612 40
376 573 571 623 Armaque
604 584 692 611 cum
724 572 812 611 telis
843 573 883 610 in
915 577 1024 610 strue
1057 573 1174 610 mixta
1206 583 1298 624 sua,

318 630 452 681 Deque
484 636 735 681 tropaeorum
755 662 765 682 ‚
798 630 900 681 quod
933 629 991 668 sol
1022 630 1264 682 incenderit,
1296 641 1391 669 auro

376 689 502 728 Aurea
534 688 697 727 Romani
728 693 829 728 tecta
861 689 982 727 fuisse
1013 688 1109 728 sori.

318 747 471 798 Totque
503 747 638 786 tulisse
672 747 792 786 duces
825 748 985 798 captivis
1017 747 1144 785 addita
1177 745 1285 785 collis
1475 755 1531 787 (37)

376 804 564 857 Vincula,
596 817 718 857 paene
750 805 873 844 hostis
906 811 1001 856 quot
1032 806 1125 844 satis
1157 816 1243 844 esse
1276 805 1370 844 suit.

252 871 297 903 45
318 862 480 902 Maxima
512 875 602 915 pars
634 863 774 903 horum
806 865 922 902 vitam
955 865 1183 914 veniamque
1216 862 1414 916 tulerunt,

376 921 419 961 In
452 921 594 973 quibus
627 928 666 961 et
696 921 788 961 belli
819 933 968 961 summa
1001 927 1195 972 caputque
1226 920 1343 960 Bato.

319 979 396 1018 Cur
429 992 500 1031 ego
532 992 647 1030 posse
680 992 818 1031 negem
851 981 974 1018 minui
1004 980 1100 1018 mihi
1131 980 1303 1018 numinis
1334 981 1455 1032 iram,

376 1038 472 1077 Cum
504 1038 652 1077 videam
685 1040 789 1077 mitis
822 1037 999 1077 hostibus
1031 1050 1118 1076 esse
1150 1035 1275 1076 deos?

317 1096 483 1135 Pertulit
514 1096 576 1135 hic
608 1097 711 1135 idem
744 1096 856 1136 nobis
875 1128 885 1148 ‚
918 1095 1147 1135 Germanice
1167 1127 1177 1147 ‚
1209 1107 1368 1148 rumor,

254 1162 297 1194 50
377 1154 526 1206 Oppida
559 1154 630 1193 sub
663 1155 776 1194 titulo
809 1156 976 1193 nominis
1007 1156 1085 1193 isse
1117 1156 1197 1206 tui,

317 1213 442 1264 Atque
476 1225 520 1252 ea
551 1219 589 1252 te
622 1220 756 1252 contra
789 1225 860 1252 nec
892 1214 995 1251 muri
1026 1212 1155 1264 mole,
1187 1224 1259 1252 nec
1292 1214 1431 1265 armis,

376 1271 456 1310 Nec
488 1273 581 1309 satis
612 1272 768 1322 ingenio
801 1277 883 1310 tuta
916 1271 1036 1310 fuisse
1068 1271 1165 1310 loci.

317 1329 363 1368 Di
394 1328 465 1368 tihi
496 1329 590 1368 dent
620 1329 770 1368 annos!
820 1341 841 1368 a
872 1335 910 1368 te
942 1341 1029 1367 nam
1062 1334 1192 1368 cetera
1225 1341 1379 1381 sumes,

378 1387 464 1426 Sint
496 1387 609 1426 modo
642 1389 778 1427 virtuti
809 1393 984 1439 tempora
1016 1387 1128 1438 longa
1160 1393 1273 1426 tuae.

255 1454 297 1486 55
320 1446 431 1492 Quod
458 1457 622 1498 precor,
655 1448 827 1485 eveniet.
868 1451 960 1484 sunt
987 1445 1170 1496 quiddam
1197 1445 1351 1485 oracula
1379 1451 1532 1485 vatum:

377 1503 472 1543 Nam
505 1504 781 1555 deusoptanti
813 1516 1001 1555 prospera
1034 1505 1142 1555 signa
1175 1504 1303 1544 dedit.

317 1562 371 1601 Te
405 1574 560 1614 quoque
592 1564 778 1602 victorem
811 1563 994 1614 Tarpeias
1027 1562 1214 1601 scandere
1245 1563 1286 1601 in
1317 1573 1427 1601 arces

377 1620 492 1659 Laeta
525 1623 720 1660 coronatis
753 1621 874 1660 Roma
906 1620 1051 1660 videbit
1083 1622 1216 1671 equis.

318 1679 568 1729 Maturosque
600 1685 710 1730 pater
741 1681 822 1719 nati
853 1679 1044 1731 spectabit
1076 1678 1268 1730 honores,

255 1745 299 1777 60
379 1736 524 1776 Gaudia
555 1739 776 1788 percipiens
795 1769 805 1789 ‚
839 1749 937 1788 quae
969 1737 1076 1775 dedit
1106 1739 1190 1787 ipse
1222 1738 1326 1776 suis.

318 1794 396 1834 Iam
429 1806 533 1833 nunc
565 1794 660 1833 haec
692 1807 713 1833 a
745 1807 805 1834 me
824 1826 835 1847 ‚
867 1796 1050 1834 iuvenum
1082 1794 1263 1846 belloque
1295 1801 1461 1847 togaque

377 1853 539 1891 Maxime
559 1884 570 1904 ,
602 1853 703 1892 dicta
730 1852 800 1892 tibi
832 1854 1063 1892 vaticinante
1096 1858 1209 1892 nota.

320 1910 432 1950 Hunc
453 1923 608 1962 quoque
636 1911 873 1950 carminibus
894 1911 1060 1950 referam
1087 1912 1252 1950 sortasse
1273 1911 1532 1964 triumphum,

379 1969 556 2008 Sufficiet
586 1971 731 2009 nostris
763 1972 797 2009 si
827 1969 941 2008 modo
975 1971 1049 2008 vita
1082 1969 1215 2022 malis;

256 2027 500 2068 6511nbuero
534 2027 734 2079 Scythicas
767 2030 799 2067 si
831 2040 908 2067 non
940 2029 1051 2079 prius
1082 2029 1166 2079 ipse
1198 2029 1378 2080 sagittas,
1477 2038 1532 2067 (33)

378 2085 670 2137 Abstuleritque
703 2087 812 2125 ferox
843 2086 917 2126 hoc
950 2092 1066 2137 caput
1097 2098 1190 2125 ense
1223 2086 1361 2126 Getes.

320 2144 426 2190 Quae
452 2145 485 2183 si
517 2156 578 2183 me
611 2144 713 2184 salvo
746 2144 899 2184 dabitur
931 2150 997 2183 tua
1028 2144 1160 2183 laurea
1190 2144 1362 2197 templis,

379 2201 516 2241 Omina
547 2201 607 2242 bis
639 2203 745 2243 dices
776 2215 865 2243 vera
897 2203 1018 2242 fuisse
1050 2214 1157 2242 mea.
