1570 2527
84 161 169 202 236
624 162 878 194 FASTORUM

564 301 601 343 2.
634 300 722 342 AN
783 302 820 342 3.
852 300 938 342 BN

201 386 408 425 Proximus
440 385 638 436 hesperias
671 385 783 423 Titan
816 385 992 424 abiturus
1024 387 1064 424 in
1097 386 1220 424 undas

264 444 443 481 Geminea
476 444 686 493 purpureis
718 455 806 481 cum
839 445 927 493 iuga
960 443 1089 482 demet
1120 445 1255 495 equis,

140 511 182 541 75
203 502 267 540 illa
302 507 414 540 nocte
447 502 585 552 aliquis
605 533 615 552 ,
648 500 785 540 tollens
818 501 863 539 ad
897 501 1023 539 sidera
1056 502 1222 553 voltum,

262 559 371 598 Dicet
403 557 491 598 ‘ubi
522 566 581 598 est
612 559 726 597 hodie
759 572 857 609 quae
889 559 988 610 Lyra
1020 559 1128 598 fulsit
1157 556 1295 598 heri‘?'

203 617 379 668 Dumque
412 617 548 667 Lyram
582 622 772 669 quaeret,
804 618 920 656 medii
953 629 1109 669 quoque
1140 623 1248 669 terga
1273 617 1415 656 Leonis

262 675 304 713 ln
337 675 502 726 liquidas
535 675 663 714 subito
697 687 822 714 mersa
855 675 1004 714 notabit
1035 687 1182 727 aquas.

675 766 712 807 4.
749 764 830 807 CN

204 849 328 894 Quem
360 850 473 888 modo
506 849 695 889 caelatum
728 850 849 889 stellis
881 849 1069 901 Delphina
1100 850 1279 902 videbas,

138 916 182 948 80
260 907 297 946 Is
329 908 451 959 fugiet
482 910 587 946 visus
619 915 733 947 nocte
764 914 953 959 sequente
986 915 1097 948 tuos:

205 965 282 1005 Seu
315 966 388 1005 fuit
419 966 583 1004 occultis
616 967 706 1004 felix
737 968 777 1004 in
810 966 1006 1005 amoribus
1038 966 1177 1017 index,

260 1023 425 1063 Lesbida
457 1036 546 1063 cum
579 1024 734 1063 domino
767 1036 837 1063 seu
869 1024 956 1063 tulit
988 1024 1050 1063 ille
1082 1025 1226 1076 lyram.

204 1082 315 1128 Quod
347 1094 453 1121 mare
484 1095 562 1121 non
594 1085 729 1135 novit,
763 1095 859 1133 quae
892 1084 1018 1121 nescit
1048 1083 1192 1122 Ariona
1223 1080 1375 1122 tellus?

263 1140 441 1179 Carmine
475 1146 679 1179 currentes
711 1140 773 1178 ille
806 1140 962 1179 tenebat
994 1153 1134 1191 aquas.

139 1207 182 1238 85
205 1198 327 1250 Saepe
359 1211 528 1250 sequens
561 1211 697 1249 agnam
728 1198 844 1250 lupus
876 1205 935 1238 est
966 1211 985 1237 a
1018 1211 1111 1238 voce
1143 1204 1344 1251 retentus,

263 1256 386 1307 Saepe
418 1257 570 1295 avidum
604 1257 756 1306 fugiens
788 1258 932 1295 restitit
964 1269 1060 1307 agna
1091 1257 1248 1308 lupum:

205 1315 327 1366 Saepe
360 1327 475 1353 canes
507 1314 738 1365 leporesque
772 1315 905 1353 umbra
940 1315 1110 1354 cubuere
1144 1315 1216 1353 sub
1247 1327 1347 1367 una,

262 1372 310 1411 Et
342 1375 450 1411 stetit
481 1375 520 1411 in
554 1385 644 1411 saxo
676 1374 850 1423 proxima
883 1385 994 1411 cerva
1026 1373 1131 1412 leae:

203 1430 252 1469 Et
284 1433 366 1469 sine
398 1431 466 1470 lite
497 1431 638 1482 loquax
670 1443 758 1470 cum
790 1431 954 1469 Palladis
987 1431 1074 1470 alite
1108 1432 1242 1470 cornix
1359 1439 1415 1471 (³8)

140 1497 184 1528 90
266 1488 401 1541 Sedit,
435 1496 473 1528 et
504 1491 680 1540 accipitri
711 1491 841 1528 iuncta
874 1489 1050 1528 columba
1083 1490 1177 1528 fuit.

205 1547 365 1598 Cynthia
399 1559 513 1599 saepe
545 1549 623 1586 tuis
656 1548 809 1599 fertur,
836 1548 977 1586 vocalis
1009 1549 1151 1599 Arion,

263 1605 475 1656 Tamquam
506 1606 690 1644 fraternis
722 1605 956 1657 obstipuisse
990 1606 1136 1644 modis.

204 1663 353 1702 Nomen
386 1665 589 1703 Arionium
622 1663 770 1702 Siculas
802 1663 1029 1714 impleverat
1059 1663 1201 1715 urbes,

265 1721 459 1772 Captaque
494 1728 576 1760 erat
607 1722 736 1773 lyricis
768 1722 936 1760 Ausonis
968 1734 1034 1760 ora
1066 1723 1193 1760 sonis.

140 1787 183 1819 95
204 1779 297 1818 Inde
331 1779 487 1818 domum
519 1785 701 1830 repetens
733 1791 903 1830 puppem
935 1780 1162 1818 conscendit
1191 1779 1334 1831 Arion,

263 1838 389 1888 Atque
422 1839 475 1876 ita
508 1839 702 1888 quaesitas
735 1843 816 1875 arte
850 1836 999 1875 ferebat
1030 1849 1145 1887 opes.

206 1894 384 1934 Forsitan
403 1927 413 1946 ‚
445 1895 577 1933 infelix
597 1927 607 1946 ‚
640 1901 774 1933 ventos
807 1895 1007 1945 undasque
1040 1894 1225 1934 timebas:

264 1954 313 1991 At
345 1953 414 1992 tibi
446 1965 540 1992 nave
572 1959 636 1991 tua
670 1955 792 1992 tutius
824 1965 970 2003 aequor
1002 1959 1106 1992 erat.

206 2011 380 2062 Namque
413 2011 650 2062 gubernator
682 2011 867 2050 destricto
900 2013 1073 2050 constitit
1105 2023 1196 2050 ense

121 2077 184 2108 100
265 2069 481 2120 Ceteraque
513 2075 657 2108 armata
689 2071 844 2108 conscia
875 2069 988 2108 turba
1021 2081 1158 2108 manu.

207 2127 307 2173 Quid
347 2127 416 2166 tibi
454 2139 542 2166 cum
582 2125 747 2178 gladio?
790 2127 946 2166 dubiam
985 2139 1105 2179 rege,
1142 2129 1290 2179 navita,

927 2184 1120 2236 puppem!

264 2242 348 2282 Non
381 2243 476 2282 haec
508 2249 599 2282 sunt
630 2243 760 2293 digitis
791 2255 895 2282 arma
927 2243 1091 2282 tenenda
1124 2244 1224 2282 tuis.

209 2301 304 2352 Ille,
338 2307 443 2340 metu
476 2301 642 2352 viduus,
676 2298 862 2340 ‘mortem
893 2313 970 2339 non
1003 2298 1212 2352 deprecor'
1243 2302 1392 2354 inquit,

267 2356 366 2397 ‘Sed
398 2360 511 2398 liceat
542 2365 695 2410 sumpta
726 2371 847 2410 pauca
880 2359 1027 2398 referre
1058 2356 1183 2410 lyra.'
