1570 2527
569 125 629 157 vr.
653 125 849 158 469—537.
1294 120 1378 163 347

219 232 440 273 Verticibus
473 232 585 272 densi
615 231 823 283 Thybridis
854 244 923 271 ora
952 236 1114 272 tenent.

160 293 290 332 Lucus
322 296 435 344 erat,
466 290 628 330 dubium
662 290 836 329 Semelae
855 321 865 341 ,
899 290 1137 330 Stimulaene
1169 294 1356 329 vocetur:

218 350 422 389 Maenadas
454 350 646 389 Ausonias
677 348 887 388 incoluisse
920 350 1074 388 ferunt.

71 417 141 449 505
163 409 325 455 Quaerit
356 408 403 447 ab
434 408 496 447 his
527 407 596 447 Ino
615 438 626 459 ‚
659 419 757 458 quae
783 419 878 458 gens
910 408 1040 447 foret.
1090 406 1260 446 Arcadas
1292 417 1379 446 esse

219 467 365 520 Audit,
398 472 437 506 et
467 466 691 505 Evandrum
723 471 876 517 sceptra
907 472 1043 505 tenere
1075 465 1172 505 loci.

160 525 409 565 Dissimulata
441 525 552 564 deam
583 524 711 564 Latias
744 524 924 564 Saturnia
957 523 1123 564 bacchas

220 583 439 624 Instimulat
468 584 571 623 fictis
602 583 788 622 insidiosa
819 585 949 622 sonis:

161 640 215 682 Ὃ
247 644 411 682 nimium
443 641 605 695 faciles,
637 654 658 680 o
691 648 773 681 toto
805 647 965 693 pectore
998 639 1155 692 captae!

72 709 141 741 510
219 701 305 740 Non
337 703 445 740 venit
476 701 571 739 haec
603 702 748 739 nostris
780 700 923 751 hospes
955 701 1076 739 amica
1108 699 1260 738 choris.

161 759 315 799 Fraude
347 761 473 811 petit,
506 760 685 810 sacrique
716 765 827 810 parat
858 770 1096 810 cognoscere
1127 759 1270 796 ritum.

221 818 307 864 Quo
339 820 464 870 possit
494 829 639 868 poenas
670 817 842 869 pendere
861 848 872 869 ‚
903 818 1044 868 pignus
1075 812 1237 855 habet.'

162 876 233 915 Vix
266 876 365 915 bene
398 877 596 928 desierat,
629 876 826 927 complent
856 874 1069 914 ululatibus
1101 886 1216 914 auras

220 934 441 987 Thyiades,
474 935 608 973 effusis
640 945 711 985 per
743 946 812 972 sua
845 933 941 972 colla
973 934 1119 985 comis,

72 1001 141 1033 515
162 993 411 1044 iniciuntque
444 1005 610 1042 manus,
641 1004 889 1043 puerumque
921 991 1110 1030 revellere
1142 996 1339 1043 pugnant.

222 1051 329 1097 Quos
359 1053 512 1102 ignorat
544 1050 670 1090 adhuc
688 1082 699 1102 ,
730 1052 885 1090 invocat
915 1049 980 1089 illa
1011 1050 1127 1089 deos:

163 1107 310 1161 ‘Dique
340 1111 493 1161 virique
525 1109 630 1162 loci,
662 1111 826 1148 miserae
859 1110 1080 1149 succurrite
1111 1104 1270 1148 matril'

223 1168 377 1207 Clamor
408 1168 590 1207 Aventini
621 1180 711 1206 saxa
740 1169 960 1219 propinqua
993 1168 1106 1206 ferit.

162 1226 375 1279 Appulerat
405 1228 513 1278 ripae
544 1238 679 1265 vaccas
711 1225 880 1265 Oetaeus
911 1225 1102 1265 Hiberas:

74 1293 143 1326 520
223 1285 368 1338 Audit,
401 1292 441 1324 et
472 1285 518 1324 ad
550 1297 683 1324 vocem
717 1286 894 1338 concitus
926 1290 1041 1335 urget
1072 1285 1170 1324 iter.

166 1343 346 1383 Herculis
379 1344 545 1383 adventu
579 1355 678 1395 quae
709 1345 787 1382 vim
819 1342 933 1382 modo
966 1343 1070 1381 serre
1102 1341 1313 1395 parabant,

222 1402 369 1454 Turpia
401 1403 591 1441 femineae
623 1407 733 1453 terga
765 1401 908 1441 dedere
940 1402 1077 1452 fugae.

164 1458 287 1507 ‘Quid
325 1462 428 1513 petis
462 1461 553 1500 hinc
574 1457 604 1513 ,⁹
638 1483 681 1488 —
714 1465 902 1512 cognorat
938 1461 1041 1498 enim
1075 1481 1117 1486 —
1151 1456 1381 1499 ‘matertera

890 1515 1066 1558 Bacchi?

221 1578 280 1617 An
312 1590 457 1617 numen
490 1577 594 1629 quod
626 1590 688 1617 me
708 1609 718 1626 ,
750 1583 789 1616 te
822 1589 978 1629 quoque
1011 1582 1123 1616 vexat
1141 1573 1182 1616 P'
1216 1578 1291 1616 ait.

74 1644 144 1677 525
164 1636 232 1675 Illa
264 1637 379 1675 docet
409 1639 581 1689 partim,
613 1638 755 1688 partim
785 1637 1007 1687 praesentia
1039 1636 1121 1674 nati

224 1694 436 1747 Continet,
469 1700 508 1734 et
538 1695 650 1734 furiis
681 1696 723 1734 in
755 1695 883 1734 scelus
914 1696 993 1733 isse
1025 1693 1172 1746 pudet.

164 1754 312 1793 Rumor
331 1785 342 1806 ‚
374 1760 418 1793 ut
451 1759 510 1793 est
541 1753 680 1805 velox,
712 1754 865 1805 agitatis
896 1752 1072 1804 pervolat
1102 1752 1196 1803 alis,

222 1811 371 1863 Estque
404 1813 590 1863 frequens
609 1842 622 1860 ‚
653 1811 752 1864 Ino,
784 1824 927 1851 nomen
958 1813 998 1850 in
1031 1823 1099 1850 ore
1130 1817 1265 1850 tuum.

163 1870 326 1922 Hospita
358 1870 576 1910 Carmentis
607 1870 705 1909 fidos
735 1872 903 1910 intrasse
934 1875 1096 1921 penates

77 1938 144 1969 530
223 1928 375 1967 Diceris
408 1934 446 1968 et
476 1929 632 1980 longam
664 1929 893 1980 deposuisse
925 1928 1089 1966 famem.

163 1986 259 2026 Liba
290 1999 360 2026 sua
390 1992 598 2038 properata
629 1998 746 2025 manu
777 1987 952 2037 Tegeaea
984 1986 1167 2025 sacerdos

222 2045 409 2084 Traditur
440 2047 481 2084 in
513 2044 641 2085 subito
674 2050 784 2084 cocta
816 2045 970 2084 dedisse
1003 2045 1112 2084 foco.

111 2136 114 2140 Δ
163 2104 277 2143 Nunc
309 2116 466 2156 quoque
497 2103 574 2142 liba
605 2105 739 2143 iuvant
769 2104 879 2142 festis
910 2102 1137 2143 Matralibus
1168 2102 1255 2142 illa.

223 2162 384 2202 Rustica
416 2162 601 2202 sedulitas
633 2164 779 2214 gratior
811 2167 894 2201 arte
925 2163 1021 2202 fuit.

78 2228 145 2260 535
166 2217 300 2260 ‘Nunc
319 2218 349 2274 ‚⁹
383 2223 436 2261 ait
468 2218 512 2260 ‘o
544 2227 680 2274 vates,
712 2222 907 2260 venientia
938 2221 1014 2260 fata
1046 2221 1224 2272 resigna,

223 2278 307 2325 Qua
337 2279 458 2320 licet.
513 2279 694 2332 hospitiis
725 2279 799 2319 hoc
818 2311 829 2332 ,
860 2291 1031 2331 precor,
1063 2279 1160 2318 adde
1192 2275 1335 2317 meis.'

164 2337 287 2377 Parva
317 2350 428 2378 mora
460 2344 548 2391 est,
581 2338 732 2378 caelum
763 2343 870 2377 vates
902 2350 947 2377 ac
978 2339 1138 2377 numina
1171 2338 1312 2389 sumit,
