1570 2527
170 146 226 188 60
726 146 954 179 TRISTIUM

289 255 444 295 Certius
476 267 497 294 a
528 265 678 293 summa
709 265 851 293 nomen
883 253 1027 293 habere
1059 265 1199 293 manu.

287 313 400 353 Nunc
431 315 698 351 incorrectum
729 312 863 363 populi
893 313 1072 363 pervenit
1102 314 1142 351 in
1175 324 1264 364 ora,

288 372 332 410 In
364 371 499 422 populi
531 372 739 421 quicquam
771 371 804 409 si
835 375 965 409 tamen
997 382 1064 409 ore
1096 372 1174 409 mei
1207 375 1290 409 est.

223 438 267 469 25
288 430 371 468 Hoc
404 441 559 480 quoque
592 430 725 467 nescio
759 428 851 479 quid
883 430 1028 468 nostris
1061 440 1212 480 appone
1243 426 1407 480 libellis,

288 488 448 526 Diverso
483 488 646 526 missum
679 487 783 538 quod
815 486 887 525 tibi
918 486 964 526 ab
997 486 1092 525 orbe
1123 488 1251 526 venit.

290 545 403 591 Quod
441 547 677 596 quicumque
715 545 848 597 leget,
882 566 932 571 —
974 546 1008 583 si
1045 546 1132 595 quis
1169 544 1272 596 leget
1304 565 1354 573 —
1395 544 1509 584 aesti-

852 608 932 641 met
963 608 1051 641 ante
1070 633 1082 654 ‚

292 661 561 713 compositum
593 674 669 713 quo
703 663 754 700 sit
784 667 960 712 tempore
993 672 1148 712 quoque
1179 660 1288 700 loco.

289 720 448 771 Aequus
481 721 557 758 erit
589 720 746 770 scriptis
766 751 776 771 ,
809 731 976 770 quorum
1009 720 1236 770 cognoverit
1266 730 1353 758 esse

226 786 270 818 30
290 777 461 817 Exilium
493 785 646 829 tempus
677 777 976 828 barbariamque
1007 777 1160 816 locum:

291 837 413 887 Inque
446 842 504 875 tot
535 836 708 874 adversis
741 847 898 874 carmen
931 835 1136 874 mirabitur
1168 835 1291 874 ullum

291 894 443 933 Ducere
476 906 537 933 me
569 895 674 932 tristi
706 895 941 932 sustinuisse
974 906 1113 932 mann.

292 953 497 1003 Ingenium
529 953 681 1002 fregere
713 963 845 990 meum
877 951 999 1003 mala,
1031 953 1144 990 cuius
1169 956 1209 990 et
1239 955 1329 990 ante

290 1011 393 1049 Fons
424 1010 658 1049 infecundus
689 1021 885 1061 parvaque
919 1021 1014 1048 vena
1045 1010 1140 1048 fuit.

227 1077 270 1109 35
295 1069 371 1107 Sed
405 1080 673 1119 quaecumque
706 1069 781 1106 fuit
799 1100 809 1119 ‚
840 1067 946 1106 nullo
979 1072 1187 1106 exercente
1218 1068 1386 1120 refugit,

291 1127 341 1166 Et
371 1126 485 1177 longo
519 1128 636 1177 periit
667 1126 772 1164 arida
804 1126 903 1164 sacta
935 1127 1035 1164 situ.

290 1185 378 1224 Non
409 1185 473 1223 hic
505 1184 724 1236 librorum,
757 1196 827 1235 per
860 1196 957 1235 quos
989 1185 1131 1223 inviter
1162 1183 1344 1237 alarque,

293 1243 443 1294 Copia:
475 1255 546 1294 pro
578 1242 688 1281 libris
721 1254 835 1281 arcus
867 1250 906 1280 et
937 1254 1043 1281 arma
1075 1248 1236 1281 sonant.

292 1301 431 1340 Nullus
462 1303 503 1340 in
535 1300 606 1339 hac
638 1306 743 1339 terra
763 1332 773 1352 ‚
804 1302 966 1339 recitem
999 1302 1032 1338 si
1064 1302 1259 1352 carmina,
1290 1301 1402 1340 cuius

226 1359 554 1398 401ntellecturis
587 1358 748 1397 auribus
779 1364 896 1410 utar,
929 1358 1060 1397 adest.

292 1417 373 1456 Nec
405 1429 481 1468 quo
515 1417 724 1468 secedam,
755 1416 865 1455 locus
897 1422 985 1456 est:
1018 1416 1194 1455 custodia
1225 1417 1330 1456 muri

295 1476 522 1514 Summovet
552 1476 717 1513 infestos
750 1474 958 1525 clausaque
990 1480 1102 1525 porta
1133 1474 1272 1514 Getas.

295 1534 418 1585 Saepe
450 1533 606 1584 aliquod
639 1545 783 1584 quaero
811 1533 973 1572 verbum
1004 1545 1225 1584 nomenque
1256 1532 1488 1587 locumque,

293 1592 373 1631 Nec
406 1593 613 1643 quisquam
646 1597 706 1630 est
723 1622 734 1643 ,
767 1603 788 1630 a
821 1603 897 1642 quo
930 1593 1074 1630 certior
1106 1603 1192 1631 esse
1224 1603 1385 1643 queam.

228 1658 273 1690 45
294 1650 431 1689 Dicere
465 1662 579 1700 saepe
612 1649 758 1700 aliquid
790 1651 947 1688 conanti
971 1671 1018 1677 —
1053 1656 1168 1701 turpe
1201 1649 1336 1690 fateri!
1366 1671 1415 1678 —

293 1708 420 1747 Verba
451 1708 547 1746 mihi
578 1708 748 1759 desunt,
781 1707 1028 1758 dedidicique
1060 1707 1191 1758 loqui.

294 1766 477 1805 Threicio
511 1765 770 1816 Scythicoque
802 1766 884 1804 sere
916 1767 1187 1804 circumsonor
1218 1777 1309 1819 ore,

294 1824 344 1863 Et
374 1824 508 1863 videor
541 1823 687 1862 Geticis
720 1823 893 1862 scribere
925 1835 1041 1874 posse
1072 1823 1222 1863 modis:

295 1882 418 1921 Crede
450 1881 574 1933 mihi,
607 1883 724 1920 timeo
744 1913 755 1934 ,
787 1894 835 1920 ne
867 1883 945 1920 sint
975 1883 1136 1921 inmixta
1167 1881 1315 1921 Latinis

232 1949 275 1980 50
295 1941 418 1992 Inque
450 1941 547 1978 meis
580 1941 737 1991 scriptis
768 1939 929 1978 Pontica
961 1940 1077 1979 verba
1108 1940 1235 1991 legas.

296 1999 627 2048 Qualemcumque
659 1999 778 2049 igitur
809 1999 921 2036 venia
953 1998 1112 2049 dignare
1143 1998 1341 2051 libellum,

298 2056 423 2096 Sortis
456 2061 495 2096 et
526 2068 668 2095 excusa
701 2055 927 2095 condicione
959 2068 1077 2096 meae.
