1570 2527
209 104 261 144 27
268 103 294 144 2
748 106 1001 139 FASTORUM

385 212 548 251 Nomine
580 218 727 252 mutato
760 225 875 252 causa
906 214 1027 253 relata
1057 227 1140 253 mea
1173 221 1258 254 est:

327 270 357 310 Ο
390 272 537 310 utinam
571 283 655 310 mea
687 283 802 323 sors,
834 284 908 323 qua
940 274 1111 324 primum
1142 277 1353 325 coeperat,
1384 274 1504 325 isset,

386 328 542 380 Iamque
575 341 645 380 ego
678 331 875 380 praesenti
905 336 1082 382 tempore
1113 330 1218 370 nulla
1249 330 1395 370 sorem!

329 387 429 432 Quid
461 400 522 426 me
555 387 721 427 desertis
753 390 968 439 perituram
987 420 997 440 ,
1029 388 1146 428 Liber
1165 421 1176 441 ,
1206 389 1364 428 harenis

238 453 307 485 480
388 445 576 485 Servabas
596 444 616 485 P
659 449 769 497 potui
801 446 1020 486 dedoluisse
1053 447 1194 486 semel.

324 502 474 542 Bacche
506 504 600 543 levis
619 536 630 556 ,
661 505 860 556 leviorque
887 506 964 544 tuis
983 536 994 557 ‚
1027 517 1124 556 quae
1156 511 1332 556 tempora
1357 507 1538 558 cingunt,

384 561 604 601 Frondibus
623 594 634 614 ,
665 564 704 602 in
736 563 914 602 lacrimas
947 566 1100 615 cognite
1132 563 1281 603 Bacche
1313 576 1442 617 meas,

323 619 452 659 Ausus
485 633 526 659 es
558 627 645 660 ante
679 621 811 660 oculos
844 622 1009 661 adducta
1040 622 1187 673 paelice
1219 628 1375 661 nostros
1481 631 1539 664 (95)

383 678 478 718 Tam
509 679 608 718 bene
642 681 900 731 compositum
933 680 1140 719 sollicitare
1172 686 1302 720 torum
1321 678 1343 719 P

237 744 303 775 485
323 735 409 775 Heu
441 737 509 775 ubi
539 743 651 788 pacta
682 738 777 776 fides
797 736 818 777 ἱ)
861 738 927 777 ubi
945 770 956 790 ,
989 751 1087 790 quae
1119 741 1250 778 iurare
1282 737 1468 778 solebas?

382 795 441 834 Me
475 797 686 848 miseram,
720 798 900 848 quotiens
931 797 1026 836 haec
1059 810 1129 848 ego
1162 796 1278 836 verba
1308 795 1480 849 loquar‘?

325 853 474 892 Thesea
506 854 718 906 culpabas,
751 855 1001 906 fallacemque
1033 857 1116 907 ipse
1148 855 1335 895 vocabas:

382 912 529 951 Iudicio
562 925 700 963 peccas
733 915 886 964 turpius
918 915 1001 964 ipse
1033 921 1123 952 tuo.

325 969 379 1008 Ne
413 972 508 1009 sciat
539 970 613 1010 hoc
646 973 850 1022 quisquam
869 1002 880 1023 ,
912 973 1118 1023 tacitisque
1150 971 1350 1011 doloribus
1381 984 1495 1024 urar,

237 1035 305 1067 490
384 1028 440 1066 Ne
473 1030 615 1067 totiens
648 1029 727 1068 falli
759 1030 872 1080 digna
905 1030 1025 1069 fuisse
1056 1037 1197 1081 puter.

324 1086 537 1138 Praecipue
570 1089 723 1138 cupiam
755 1088 873 1126 celari
905 1088 1053 1127 Thesea
1072 1119 1083 1140 ,
1114 1100 1163 1127 110
1194 1094 1233 1127 te

383 1144 614 1184 Consortem
646 1145 781 1196 culpae
813 1146 979 1196 gaudeat
1010 1158 1096 1185 esse
1129 1158 1243 1186 suae.

324 1202 373 1241 Ut
399 1208 492 1253 puto
512 1235 522 1254 ,
554 1206 775 1255 praeposita
801 1211 861 1243 est
892 1205 1022 1244 fuscae
1049 1204 1144 1244 mihi
1175 1203 1337 1244 candida
1366 1202 1537 1257 paelex?

381 1260 543 1300 Eveniat
574 1264 718 1301 nostris
750 1262 929 1301 hostibus
960 1263 1024 1302 ille
1056 1262 1185 1302 color!

235 1326 302 1358 495
325 1319 424 1365 Quid
456 1326 586 1358 tamen
617 1321 691 1359 1100
723 1319 884 1360 refert?
927 1322 1019 1360 vitio
1051 1321 1121 1360 tibi
1152 1322 1298 1372 gratior
1335 1322 1420 1372 ipso
1453 1329 1534 1361 est.

383 1377 484 1422 Quid
517 1379 611 1417 sacis
631 1376 651 1417 ‘?
696 1378 895 1430 amplexus
926 1380 1106 1431 inquinat
1136 1379 1200 1419 illa
1231 1386 1342 1419 tuos.

321 1435 500 1487 Bacche,
533 1437 649 1476 fidem
680 1443 864 1489 praesta,
899 1449 972 1477 nec
1004 1439 1158 1489 praefer
1190 1437 1386 1477 amoribus
1418 1437 1534 1477 ullam

381 1493 593 1545 Coniugis.
650 1495 808 1534 adsuevi
840 1508 993 1547 semper
1027 1509 1155 1535 amare
1187 1498 1336 1535 virum.

323 1551 539 1603 [Ceperunt
569 1560 732 1593 matrem
765 1554 926 1594 formosi
958 1567 1104 1594 cornua
1135 1556 1261 1606 tauri,

235 1618 302 1650 500
380 1611 440 1649 Me
472 1617 567 1652 tua:
611 1625 673 1651 me
704 1612 850 1664 laedit,
882 1613 945 1652 ille
977 1613 1183 1665 pudendus
1215 1625 1322 1652 amor
1337 1612 1364 1663 .]

324 1668 396 1718 [Ne
430 1676 596 1722 noceat,
627 1670 730 1721 quod
764 1682 848 1710 amo
869 1702 877 1710 .
934 1683 1061 1723 neque
1093 1673 1197 1711 enim
1231 1671 1331 1724 tibi,
1361 1670 1534 1719 Bacche,

1044 1730 1231 1782 nocebat,

381 1784 492 1830 Quod
524 1786 697 1824 flammas
729 1786 840 1825 nobis
872 1788 998 1826 fassus
1031 1800 1072 1826 es
1104 1790 1188 1839 ipse
1219 1787 1347 1837 tuas]

325 1842 451 1895 [Nec,
484 1844 587 1895 quod
620 1856 690 1883 nos
723 1846 835 1896 uris,
873 1847 1014 1884 mirum
1054 1846 1148 1885 facis
1169 1877 1177 1885 .
1233 1851 1342 1884 ortus
1374 1847 1414 1884 in
1445 1847 1534 1897 igne

381 1901 559 1954 Diceris,
592 1908 631 1941 et
661 1904 785 1954 patria
818 1909 952 1954 raptus
985 1903 1030 1942 ab
1062 1906 1152 1955 igne
1181 1916 1298 1943 manu
1313 1903 1338 1953 .]

237 1967 303 1999 505
324 1959 390 1998 Illa
422 1972 492 2011 ego
527 1973 642 2012 sum,
675 1962 737 2000 cui
769 1966 811 2000 tu
845 1962 982 2000 solitus
1013 1965 1242 2014 promittere
1274 1962 1445 2002 caelum.
1478 1970 1533 2003 (96)

379 2017 425 2056 Ei
458 2019 550 2058 mihi
569 2051 580 2071 ,
611 2031 682 2070 pro
715 2019 819 2058 caelo
853 2019 980 2070 qualia
1012 2020 1111 2060 dona
1142 2016 1270 2060 fero!'

321 2075 505 2116 Dixerat.
560 2077 718 2117 audibat
747 2077 972 2117 iamdudum
1003 2078 1120 2118 verba
1152 2079 1352 2130 querentis

378 2134 522 2187 Liber,
554 2142 598 2175 ut
629 2148 650 2174 a
682 2141 791 2187 tergo
824 2136 924 2176 forte
956 2143 1116 2176 secutus
1148 2143 1251 2176 erat.

322 2192 495 2244 Occupat
526 2193 734 2245 amplexu,
766 2194 1022 2246 lacrimasque
1054 2207 1123 2246 per
1155 2195 1287 2234 oscula
1319 2196 1459 2247 siccat,

234 2259 300 2289 510
380 2250 428 2290 Et
461 2249 628 2303 ‘pariter
661 2253 755 2291 caeli
787 2264 935 2292 summa
968 2259 1145 2304 petamus
1165 2250 1196 2292 !'
1240 2255 1294 2292 ait

321 2305 401 2347 ‘Tu
434 2310 528 2348 mihi
554 2312 685 2350 iuncta
717 2318 802 2350 toro
835 2311 929 2350 mihi
960 2313 1090 2350 iuncta
1122 2311 1305 2351 vocabula
1337 2322 1490 2363 sumes3
