<?xml version="1.0" encoding="UTF-8"?>
<!DOCTYPE html PUBLIC "-//W3C//DTD XHTML 1.0 Transitional//EN"
    "http://www.w3.org/TR/xhtml1/DTD/xhtml1-transitional.dtd">
<html xmlns="http://www.w3.org/1999/xhtml" xml:lang="en" lang="en">
 <head>
  <title>
</title>
<meta http-equiv="Content-Type" content="text/html;charset=utf-8" />
  <meta name='ocr-system' content='tesseract 3.04.00' />
  <meta name='ocr-capabilities' content='ocr_page ocr_carea ocr_par ocr_line ocrx_word'/>
</head>
<body>
  <div class='ocr_page' id='page_1' title='image "./ovidopera03oviduoft_0359.png"; bbox 0 0 1570 2527; ppageno 0'>
   <div class='ocr_carea' id='block_1_1' title="bbox 587 100 1394 142">
    <p class='ocr_par' dir='ltr' id='par_1_1' title="bbox 587 100 1394 142">
     <span class='ocr_line' id='line_1_1' title="bbox 587 100 1394 142; baseline 0.011 -9"><span class='ocrx_word' id='word_1_1' title='bbox 587 102 646 135; x_wconf 85' lang='lat' dir='ltr'>1v.</span> <span class='ocrx_word' id='word_1_2' title='bbox 674 104 870 135; x_wconf 64' lang='grc' dir='ltr'>ὅθι-628.</span> <span class='ocrx_word' id='word_1_3' title='bbox 1315 100 1394 142; x_wconf 84' lang='grc'>301</span> 
     </span>
    </p>
   </div>
   <div class='ocr_carea' id='block_1_2' title="bbox 90 209 1381 1611">
    <p class='ocr_par' dir='ltr' id='par_1_2' title="bbox 90 209 1381 1611">
     <span class='ocr_line' id='line_1_2' title="bbox 182 209 1280 261; baseline 0 -13"><span class='ocrx_word' id='word_1_4' title='bbox 182 209 357 261; x_wconf 87' lang='lat' dir='ltr'>luppiter</span> <span class='ocrx_word' id='word_1_5' title='bbox 388 210 487 249; x_wconf 87' lang='lat' dir='ltr'>hanc</span> <span class='ocrx_word' id='word_1_6' title='bbox 518 210 644 261; x_wconf 84' lang='lat' dir='ltr'>lenit,</span> <span class='ocrx_word' id='word_1_7' title='bbox 677 210 899 261; x_wconf 84' lang='lat' dir='ltr'>factumque</span> <span class='ocrx_word' id='word_1_8' title='bbox 933 217 1093 250; x_wconf 81' lang='lat' dir='ltr'>excusat</span> <span class='ocrx_word' id='word_1_9' title='bbox 1124 222 1280 261; x_wconf 84' lang='lat' dir='ltr'>amore,</span> 
     </span>
     <span class='ocr_line' id='line_1_3' title="bbox 241 265 1193 320; baseline 0.001 -14"><span class='ocrx_word' id='word_1_10' title='bbox 241 265 340 306; x_wconf 72' lang='lat' dir='ltr'>tNec</span> <span class='ocrx_word' id='word_1_11' title='bbox 373 281 494 318; x_wconf 85' lang='lat' dir='ltr'>gener</span> <span class='ocrx_word' id='word_1_12' title='bbox 526 275 586 307; x_wconf 89' lang='lat' dir='ltr'>est</span> <span class='ocrx_word' id='word_1_13' title='bbox 617 268 730 307; x_wconf 88' lang='lat' dir='ltr'>nobis</span> <span class='ocrx_word' id='word_1_14' title='bbox 761 269 825 307; x_wconf 89' lang='lat' dir='ltr'>ille</span> <span class='ocrx_word' id='word_1_15' title='bbox 858 265 1085 320; x_wconf 88' lang='lat' dir='ltr'>pudendus&#39;</span> <span class='ocrx_word' id='word_1_16' title='bbox 1118 271 1193 307; x_wconf 89' lang='lat' dir='ltr'>ait.</span> 
     </span>
     <span class='ocr_line' id='line_1_4' title="bbox 182 323 1311 378; baseline 0.002 -14"><span class='ocrx_word' id='word_1_17' title='bbox 182 323 287 365; x_wconf 72' lang='lat' dir='ltr'>‘Non</span> <span class='ocrx_word' id='word_1_18' title='bbox 321 339 391 378; x_wconf 83' lang='lat' dir='ltr'>ego</span> <span class='ocrx_word' id='word_1_19' title='bbox 424 327 621 365; x_wconf 83' lang='lat' dir='ltr'><strong>nobilior:</strong></span> <span class='ocrx_word' id='word_1_20' title='bbox 666 329 792 378; x_wconf 88' lang='lat' dir='ltr'>posita</span> <span class='ocrx_word' id='word_1_21' title='bbox 825 334 884 366; x_wconf 88' lang='lat' dir='ltr'>est</span> <span class='ocrx_word' id='word_1_22' title='bbox 917 327 1010 366; x_wconf 89' lang='lat' dir='ltr'>mihi</span> <span class='ocrx_word' id='word_1_23' title='bbox 1042 329 1148 378; x_wconf 84' lang='lat' dir='ltr'>regia</span> <span class='ocrx_word' id='word_1_24' title='bbox 1181 327 1311 378; x_wconf 83' lang='lat' dir='ltr'>eaelo,</span> 
     </span>
     <span class='ocr_line' id='line_1_5' title="bbox 92 385 1176 437; baseline 0.002 -14"><span class='ocrx_word' id='word_1_25' title='bbox 92 393 159 423; x_wconf 81' lang='grc'>000</span> <span class='ocrx_word' id='word_1_26' title='bbox 238 385 418 424; x_wconf 83' lang='lat' dir='ltr'><strong>Possidet</strong></span> <span class='ocrx_word' id='word_1_27' title='bbox 450 386 546 424; x_wconf 89' lang='lat' dir='ltr'>alter</span> <span class='ocrx_word' id='word_1_28' title='bbox 579 397 727 437; x_wconf 80' lang='lat' dir='ltr'>aquaS,</span> <span class='ocrx_word' id='word_1_29' title='bbox 760 386 856 424; x_wconf 86' lang='lat' dir='ltr'>alter</span> <span class='ocrx_word' id='word_1_30' title='bbox 888 387 1001 425; x_wconf 90' lang='lat' dir='ltr'>inane</span> <span class='ocrx_word' id='word_1_31' title='bbox 1035 386 1176 425; x_wconf 88' lang='lat' dir='ltr'>chaos.</span> 
     </span>
     <span class='ocr_line' id='line_1_6' title="bbox 182 443 1170 496; baseline 0.001 -14"><span class='ocrx_word' id='word_1_32' title='bbox 182 443 258 482; x_wconf 90' lang='lat' dir='ltr'>Sed</span> <span class='ocrx_word' id='word_1_33' title='bbox 291 446 324 482; x_wconf 88' lang='lat' dir='ltr'>si</span> <span class='ocrx_word' id='word_1_34' title='bbox 356 444 455 483; x_wconf 82' lang='lat' dir='ltr'>forte</span> <span class='ocrx_word' id='word_1_35' title='bbox 488 444 559 483; x_wconf 91' lang='lat' dir='ltr'>tibi</span> <span class='ocrx_word' id='word_1_36' title='bbox 591 456 669 482; x_wconf 85' lang='lat' dir='ltr'>non</span> <span class='ocrx_word' id='word_1_37' title='bbox 701 450 761 483; x_wconf 84' lang='lat' dir='ltr'>est</span> <span class='ocrx_word' id='word_1_38' title='bbox 793 444 976 483; x_wconf 87' lang='lat' dir='ltr'>mutabile</span> <span class='ocrx_word' id='word_1_39' title='bbox 1010 452 1170 496; x_wconf 81' lang='lat' dir='ltr'>pectus,</span> 
     </span>
     <span class='ocr_line' id='line_1_7' title="bbox 241 502 1243 555; baseline 0.001 -15"><span class='ocrx_word' id='word_1_40' title='bbox 241 502 402 553; x_wconf 79' lang='lat' dir='ltr'><strong>Statque</strong></span> <span class='ocrx_word' id='word_1_41' title='bbox 421 535 431 555; x_wconf 90' lang='lat'>‚</span> <span class='ocrx_word' id='word_1_42' title='bbox 465 502 585 542; x_wconf 89' lang='lat' dir='ltr'>semel</span> <span class='ocrx_word' id='word_1_43' title='bbox 616 504 740 542; x_wconf 88' lang='lat' dir='ltr'>iuncti</span> <span class='ocrx_word' id='word_1_44' title='bbox 771 516 954 554; x_wconf 82' lang='lat' dir='ltr'><strong>rumpere</strong></span> <span class='ocrx_word' id='word_1_45' title='bbox 989 503 1110 542; x_wconf 87' lang='lat' dir='ltr'>vincla</span> <span class='ocrx_word' id='word_1_46' title='bbox 1143 504 1243 554; x_wconf 88' lang='lat' dir='ltr'>tori,</span> 
     </span>
     <span class='ocr_line' id='line_1_8' title="bbox 180 560 1381 614; baseline 0.002 -16"><span class='ocrx_word' id='word_1_47' title='bbox 180 560 262 599; x_wconf 88' lang='lat' dir='ltr'>Hoc</span> <span class='ocrx_word' id='word_1_48' title='bbox 295 573 451 612; x_wconf 88' lang='lat' dir='ltr'>quoque</span> <span class='ocrx_word' id='word_1_49' title='bbox 485 568 750 614; x_wconf 75' lang='lat' dir='ltr'>temptemus,</span> <span class='ocrx_word' id='word_1_50' title='bbox 784 563 976 613; x_wconf 89' lang='lat' dir='ltr'>siquidem</span> <span class='ocrx_word' id='word_1_51' title='bbox 1008 564 1138 601; x_wconf 91' lang='lat' dir='ltr'>ieiuna</span> <span class='ocrx_word' id='word_1_52' title='bbox 1170 562 1381 613; x_wconf 80' lang='lat' dir='ltr'>remansit3</span> 
     </span>
     <span class='ocr_line' id='line_1_9' title="bbox 240 617 1139 672; baseline 0.001 -14"><span class='ocrx_word' id='word_1_53' title='bbox 240 619 281 658; x_wconf 90' lang='lat' dir='ltr'>Si</span> <span class='ocrx_word' id='word_1_54' title='bbox 313 621 470 672; x_wconf 86' lang='lat' dir='ltr'>minus,</span> <span class='ocrx_word' id='word_1_55' title='bbox 503 621 646 659; x_wconf 84' lang='lat' dir='ltr'>inferni</span> <span class='ocrx_word' id='word_1_56' title='bbox 679 622 856 671; x_wconf 81' lang='lat' dir='ltr'>coniugis</span> <span class='ocrx_word' id='word_1_57' title='bbox 889 633 987 659; x_wconf 83' lang='lat' dir='ltr'>uxor</span> <span class='ocrx_word' id='word_1_58' title='bbox 1020 617 1139 659; x_wconf 83' lang='lat' dir='ltr'>erit.&#39;</span> 
     </span>
     <span class='ocr_line' id='line_1_10' title="bbox 92 678 1177 732; baseline 0.002 -16"><span class='ocrx_word' id='word_1_59' title='bbox 92 685 158 716; x_wconf 84' lang='lat'>605</span> <span class='ocrx_word' id='word_1_60' title='bbox 180 678 342 716; x_wconf 88' lang='lat' dir='ltr'>Tartara</span> <span class='ocrx_word' id='word_1_61' title='bbox 373 680 505 717; x_wconf 83' lang='lat' dir='ltr'>iussus</span> <span class='ocrx_word' id='word_1_62' title='bbox 538 679 616 717; x_wconf 89' lang='lat' dir='ltr'>adit</span> <span class='ocrx_word' id='word_1_63' title='bbox 648 682 814 730; x_wconf 87' lang='lat' dir='ltr'>sumptis</span> <span class='ocrx_word' id='word_1_64' title='bbox 847 679 1052 718; x_wconf 78' lang='lat' dir='ltr'>Caducifer</span> <span class='ocrx_word' id='word_1_65' title='bbox 1084 679 1177 732; x_wconf 85' lang='lat' dir='ltr'>alis,</span> 
     </span>
     <span class='ocr_line' id='line_1_11' title="bbox 239 737 1182 789; baseline 0.002 -14"><span class='ocrx_word' id='word_1_66' title='bbox 239 737 395 788; x_wconf 79' lang='lat' dir='ltr'>Speque</span> <span class='ocrx_word' id='word_1_67' title='bbox 428 737 530 776; x_wconf 79' lang='lat' dir='ltr'>redit</span> <span class='ocrx_word' id='word_1_68' title='bbox 561 739 677 776; x_wconf 90' lang='lat' dir='ltr'>citius</span> <span class='ocrx_word' id='word_1_69' title='bbox 709 740 867 789; x_wconf 84' lang='lat' dir='ltr'>visaque</span> <span class='ocrx_word' id='word_1_70' title='bbox 901 744 1007 777; x_wconf 87' lang='lat' dir='ltr'>certa</span> <span class='ocrx_word' id='word_1_71' title='bbox 1039 739 1182 777; x_wconf 79' lang='lat' dir='ltr'><strong>refert:</strong></span> 
     </span>
     <span class='ocr_line' id='line_1_12' title="bbox 181 793 1164 848; baseline 0.002 -15"><span class='ocrx_word' id='word_1_72' title='bbox 181 793 323 846; x_wconf 66' lang='lat' dir='ltr'>eRapta</span> <span class='ocrx_word' id='word_1_73' title='bbox 356 794 503 835; x_wconf 84' lang='lat' dir='ltr'>tribus&#39;</span> <span class='ocrx_word' id='word_1_74' title='bbox 537 797 634 834; x_wconf 84' lang='lat' dir='ltr'>dixit</span> <span class='ocrx_word' id='word_1_75' title='bbox 666 794 801 835; x_wconf 66' lang='lat' dir='ltr'>‘solvit</span> <span class='ocrx_word' id='word_1_76' title='bbox 832 798 976 835; x_wconf 87' lang='lat' dir='ltr'>ieiunia</span> <span class='ocrx_word' id='word_1_77' title='bbox 1009 799 1164 848; x_wconf 76' lang='lat' dir='ltr'>granis,</span> 
     </span>
     <span class='ocr_line' id='line_1_13' title="bbox 237 852 1187 905; baseline 0.001 -13"><span class='ocrx_word' id='word_1_78' title='bbox 237 854 385 892; x_wconf 87' lang='lat' dir='ltr'>Punica</span> <span class='ocrx_word' id='word_1_79' title='bbox 417 867 515 905; x_wconf 86' lang='lat' dir='ltr'>quae</span> <span class='ocrx_word' id='word_1_80' title='bbox 547 855 652 892; x_wconf 90' lang='lat' dir='ltr'>lento</span> <span class='ocrx_word' id='word_1_81' title='bbox 686 857 832 893; x_wconf 86' lang='lat' dir='ltr'>cortice</span> <span class='ocrx_word' id='word_1_82' title='bbox 865 867 979 905; x_wconf 90' lang='lat' dir='ltr'>poma</span> <span class='ocrx_word' id='word_1_83' title='bbox 1011 852 1187 905; x_wconf 84' lang='lat' dir='ltr'>tegunt.&#39;</span> 
     </span>
     <span class='ocr_line' id='line_1_14' title="bbox 178 912 1360 965; baseline 0.002 -15"><span class='ocrx_word' id='word_1_84' title='bbox 178 912 289 951; x_wconf 88' lang='lat' dir='ltr'>Haud</span> <span class='ocrx_word' id='word_1_85' title='bbox 322 924 437 951; x_wconf 88' lang='lat' dir='ltr'>secus</span> <span class='ocrx_word' id='word_1_86' title='bbox 469 913 663 964; x_wconf 88' lang='lat' dir='ltr'>indoluit,</span> <span class='ocrx_word' id='word_1_87' title='bbox 697 925 811 964; x_wconf 89' lang='lat' dir='ltr'>quam</span> <span class='ocrx_word' id='word_1_88' title='bbox 845 915 878 952; x_wconf 91' lang='lat' dir='ltr'>si</span> <span class='ocrx_word' id='word_1_89' title='bbox 910 914 1024 952; x_wconf 90' lang='lat' dir='ltr'>modo</span> <span class='ocrx_word' id='word_1_90' title='bbox 1057 920 1167 965; x_wconf 89' lang='lat' dir='ltr'>rapta</span> <span class='ocrx_word' id='word_1_91' title='bbox 1200 913 1360 964; x_wconf 84' lang='lat' dir='ltr'>fuisset,</span> 
     </span>
     <span class='ocr_line' id='line_1_15' title="bbox 92 970 1339 1023; baseline 0.001 -14"><span class='ocrx_word' id='word_1_92' title='bbox 92 979 158 1010; x_wconf 80' lang='grc'>610</span> <span class='ocrx_word' id='word_1_93' title='bbox 237 970 382 1010; x_wconf 84' lang='lat' dir='ltr'>Maesta</span> <span class='ocrx_word' id='word_1_94' title='bbox 413 984 583 1023; x_wconf 86' lang='lat' dir='ltr'>parens,</span> <span class='ocrx_word' id='word_1_95' title='bbox 620 971 733 1022; x_wconf 85' lang='lat' dir='ltr'>longa</span> <span class='ocrx_word' id='word_1_96' title='bbox 765 974 905 1023; x_wconf 81' lang='lat' dir='ltr'>vixque</span> <span class='ocrx_word' id='word_1_97' title='bbox 939 972 1085 1011; x_wconf 86' lang='lat' dir='ltr'>refecta</span> <span class='ocrx_word' id='word_1_98' title='bbox 1118 984 1225 1010; x_wconf 87' lang='lat' dir='ltr'>mora</span> <span class='ocrx_word' id='word_1_99' title='bbox 1258 978 1339 1010; x_wconf 87' lang='lat' dir='ltr'>est.</span> 
     </span>
     <span class='ocr_line' id='line_1_16' title="bbox 179 1028 1355 1080; baseline 0.002 -13"><span class='ocrx_word' id='word_1_100' title='bbox 179 1030 304 1080; x_wconf 81' lang='lat' dir='ltr'>Atque</span> <span class='ocrx_word' id='word_1_101' title='bbox 336 1032 388 1069; x_wconf 90' lang='lat' dir='ltr'>ita</span> <span class='ocrx_word' id='word_1_102' title='bbox 422 1028 514 1069; x_wconf 76' lang='lat' dir='ltr'>enec</span> <span class='ocrx_word' id='word_1_103' title='bbox 547 1030 659 1068; x_wconf 89' lang='lat' dir='ltr'>nobis</span> <span class='ocrx_word' id='word_1_104' title='bbox 692 1030 842 1069; x_wconf 90' lang='lat' dir='ltr'>caelum</span> <span class='ocrx_word' id='word_1_105' title='bbox 875 1037 933 1069; x_wconf 85' lang='lat' dir='ltr'>est</span> <span class='ocrx_word' id='word_1_106' title='bbox 965 1030 1173 1069; x_wconf 77' lang='lat' dir='ltr'>habitabile</span> <span class='ocrx_word' id='word_1_107' title='bbox 1195 1028 1224 1069; x_wconf 73' lang='lat'>1⁹</span> <span class='ocrx_word' id='word_1_108' title='bbox 1259 1030 1355 1069; x_wconf 82' lang='lat' dir='ltr'>dixit</span> 
     </span>
     <span class='ocr_line' id='line_1_17' title="bbox 240 1087 1187 1140; baseline 0.002 -14"><span class='ocrx_word' id='word_1_109' title='bbox 240 1087 449 1127; x_wconf 72' lang='lat' dir='ltr'>‘Taenaria</span> <span class='ocrx_word' id='word_1_110' title='bbox 482 1090 605 1140; x_wconf 84' lang='lat' dir='ltr'>recipi</span> <span class='ocrx_word' id='word_1_111' title='bbox 636 1101 697 1127; x_wconf 87' lang='lat' dir='ltr'>me</span> <span class='ocrx_word' id='word_1_112' title='bbox 731 1102 886 1140; x_wconf 89' lang='lat' dir='ltr'>quoque</span> <span class='ocrx_word' id='word_1_113' title='bbox 920 1090 1014 1128; x_wconf 88' lang='lat' dir='ltr'>valle</span> <span class='ocrx_word' id='word_1_114' title='bbox 1047 1087 1187 1128; x_wconf 90' lang='lat' dir='ltr'>iube:&#39;</span> 
     </span>
     <span class='ocr_line' id='line_1_18' title="bbox 179 1146 1187 1201; baseline 0.002 -16"><span class='ocrx_word' id='word_1_115' title='bbox 179 1146 227 1185; x_wconf 85' lang='lat' dir='ltr'>Et</span> <span class='ocrx_word' id='word_1_116' title='bbox 261 1148 409 1186; x_wconf 83' lang='lat' dir='ltr'>factura</span> <span class='ocrx_word' id='word_1_117' title='bbox 442 1148 543 1199; x_wconf 81' lang='lat' dir='ltr'>fuit,</span> <span class='ocrx_word' id='word_1_118' title='bbox 577 1153 713 1198; x_wconf 89' lang='lat' dir='ltr'>pactus</span> <span class='ocrx_word' id='word_1_119' title='bbox 746 1149 821 1186; x_wconf 88' lang='lat' dir='ltr'>nisi</span> <span class='ocrx_word' id='word_1_120' title='bbox 853 1148 1028 1199; x_wconf 83' lang='lat' dir='ltr'>Iuppiter</span> <span class='ocrx_word' id='word_1_121' title='bbox 1061 1155 1187 1201; x_wconf 82' lang='lat' dir='ltr'>esset,</span> 
     </span>
     <span class='ocr_line' id='line_1_19' title="bbox 238 1205 1162 1246; baseline 0.002 -2"><span class='ocrx_word' id='word_1_122' title='bbox 238 1205 302 1244; x_wconf 88' lang='lat' dir='ltr'>Bis</span> <span class='ocrx_word' id='word_1_123' title='bbox 336 1206 462 1244; x_wconf 86' lang='lat' dir='ltr'>tribus</span> <span class='ocrx_word' id='word_1_124' title='bbox 498 1214 539 1244; x_wconf 89' lang='lat' dir='ltr'>ut</span> <span class='ocrx_word' id='word_1_125' title='bbox 571 1206 676 1244; x_wconf 92' lang='lat' dir='ltr'>caelo</span> <span class='ocrx_word' id='word_1_126' title='bbox 710 1206 911 1244; x_wconf 87' lang='lat' dir='ltr'>mensibus</span> <span class='ocrx_word' id='word_1_127' title='bbox 943 1206 1006 1245; x_wconf 90' lang='lat' dir='ltr'>illa</span> <span class='ocrx_word' id='word_1_128' title='bbox 1039 1207 1162 1246; x_wconf 87' lang='lat' dir='ltr'>soret.</span> 
     </span>
     <span class='ocr_line' id='line_1_20' title="bbox 90 1264 1362 1318; baseline 0.001 -15"><span class='ocrx_word' id='word_1_129' title='bbox 90 1272 156 1304; x_wconf 82' lang='lat'>615</span> <span class='ocrx_word' id='word_1_130' title='bbox 177 1264 277 1303; x_wconf 87' lang='lat' dir='ltr'>Tum</span> <span class='ocrx_word' id='word_1_131' title='bbox 310 1265 464 1303; x_wconf 87' lang='lat' dir='ltr'>demum</span> <span class='ocrx_word' id='word_1_132' title='bbox 499 1264 722 1316; x_wconf 86' lang='lat' dir='ltr'>voltumque</span> <span class='ocrx_word' id='word_1_133' title='bbox 756 1264 875 1303; x_wconf 86' lang='lat' dir='ltr'>Ceres</span> <span class='ocrx_word' id='word_1_134' title='bbox 908 1267 1157 1316; x_wconf 87' lang='lat' dir='ltr'>animumque</span> <span class='ocrx_word' id='word_1_135' title='bbox 1190 1266 1362 1318; x_wconf 80' lang='lat' dir='ltr'>recepit,</span> 
     </span>
     <span class='ocr_line' id='line_1_21' title="bbox 237 1323 1120 1375; baseline 0.001 -14"><span class='ocrx_word' id='word_1_136' title='bbox 237 1323 505 1375; x_wconf 83' lang='lat' dir='ltr'>Imposuitque</span> <span class='ocrx_word' id='word_1_137' title='bbox 539 1335 631 1362; x_wconf 86' lang='lat' dir='ltr'>suae</span> <span class='ocrx_word' id='word_1_138' title='bbox 665 1325 794 1374; x_wconf 82' lang='lat' dir='ltr'>spicea</span> <span class='ocrx_word' id='word_1_139' title='bbox 827 1329 931 1362; x_wconf 90' lang='lat' dir='ltr'>serta</span> <span class='ocrx_word' id='word_1_140' title='bbox 964 1336 1120 1363; x_wconf 88' lang='lat' dir='ltr'>comae:</span> 
     </span>
     <span class='ocr_line' id='line_1_22' title="bbox 179 1382 1186 1435; baseline 0.001 -15"><span class='ocrx_word' id='word_1_141' title='bbox 179 1382 379 1433; x_wconf 81' lang='lat' dir='ltr'>Largaque</span> <span class='ocrx_word' id='word_1_142' title='bbox 413 1383 593 1434; x_wconf 82' lang='lat' dir='ltr'>provenit</span> <span class='ocrx_word' id='word_1_143' title='bbox 625 1384 786 1421; x_wconf 86' lang='lat' dir='ltr'>cessatis</span> <span class='ocrx_word' id='word_1_144' title='bbox 818 1384 958 1421; x_wconf 86' lang='lat' dir='ltr'>messis</span> <span class='ocrx_word' id='word_1_145' title='bbox 989 1384 1029 1421; x_wconf 92' lang='lat' dir='ltr'>in</span> <span class='ocrx_word' id='word_1_146' title='bbox 1062 1384 1186 1435; x_wconf 87' lang='lat' dir='ltr'>arvis,</span> 
     </span>
     <span class='ocr_line' id='line_1_23' title="bbox 238 1440 1023 1492; baseline 0 -13"><span class='ocrx_word' id='word_1_147' title='bbox 238 1440 285 1479; x_wconf 83' lang='lat' dir='ltr'>Et</span> <span class='ocrx_word' id='word_1_148' title='bbox 318 1442 378 1479; x_wconf 79' lang='lat' dir='ltr'>vix</span> <span class='ocrx_word' id='word_1_149' title='bbox 411 1447 615 1492; x_wconf 83' lang='lat' dir='ltr'>congestas</span> <span class='ocrx_word' id='word_1_150' title='bbox 648 1453 737 1480; x_wconf 86' lang='lat' dir='ltr'>area</span> <span class='ocrx_word' id='word_1_151' title='bbox 770 1443 873 1492; x_wconf 85' lang='lat' dir='ltr'>cepit</span> <span class='ocrx_word' id='word_1_152' title='bbox 904 1453 1023 1492; x_wconf 89' lang='lat' dir='ltr'>opes.</span> 
     </span>
     <span class='ocr_line' id='line_1_24' title="bbox 177 1499 1238 1539; baseline 0.001 -2"><span class='ocrx_word' id='word_1_153' title='bbox 177 1499 271 1537; x_wconf 90' lang='lat' dir='ltr'>Alba</span> <span class='ocrx_word' id='word_1_154' title='bbox 304 1499 445 1538; x_wconf 86' lang='lat' dir='ltr'>decent</span> <span class='ocrx_word' id='word_1_155' title='bbox 477 1499 690 1539; x_wconf 75' lang='lat' dir='ltr'>Cererem:</span> <span class='ocrx_word' id='word_1_156' title='bbox 734 1502 853 1538; x_wconf 81' lang='lat' dir='ltr'>vestis</span> <span class='ocrx_word' id='word_1_157' title='bbox 886 1499 1101 1539; x_wconf 81' lang='lat' dir='ltr'>Cerialibus</span> <span class='ocrx_word' id='word_1_158' title='bbox 1133 1499 1238 1539; x_wconf 89' lang='lat' dir='ltr'>albas</span> 
     </span>
     <span class='ocr_line' id='line_1_25' title="bbox 91 1557 1163 1611; baseline 0.001 -15"><span class='ocrx_word' id='word_1_159' title='bbox 91 1566 156 1597; x_wconf 77' lang='grc'>620</span> <span class='ocrx_word' id='word_1_160' title='bbox 237 1557 416 1611; x_wconf 80' lang='lat' dir='ltr'>Sumite3</span> <span class='ocrx_word' id='word_1_161' title='bbox 451 1571 554 1597; x_wconf 88' lang='lat' dir='ltr'>nunc</span> <span class='ocrx_word' id='word_1_162' title='bbox 587 1558 683 1609; x_wconf 88' lang='lat' dir='ltr'>pulli</span> <span class='ocrx_word' id='word_1_163' title='bbox 717 1558 868 1597; x_wconf 84' lang='lat' dir='ltr'>velleris</span> <span class='ocrx_word' id='word_1_164' title='bbox 901 1570 997 1597; x_wconf 87' lang='lat' dir='ltr'>usus</span> <span class='ocrx_word' id='word_1_165' title='bbox 1030 1558 1163 1598; x_wconf 89' lang='lat' dir='ltr'>abest.</span> 
     </span>
    </p>
   </div>
   <div class='ocr_carea' id='block_1_3' title="bbox 475 1660 988 1703">
    <p class='ocr_par' dir='ltr' id='par_1_3' title="bbox 475 1660 988 1703">
     <span class='ocr_line' id='line_1_26' title="bbox 475 1660 988 1703; baseline 0.002 -1"><span class='ocrx_word' id='word_1_166' title='bbox 475 1662 539 1703; x_wconf 85' lang='lat'>13.</span> <span class='ocrx_word' id='word_1_167' title='bbox 573 1661 610 1702; x_wconf 79' lang='lat' dir='ltr'>G</span> <span class='ocrx_word' id='word_1_168' title='bbox 635 1660 840 1703; x_wconf 75' lang='lat' dir='ltr'><strong>EID·N³</strong></span> <span class='ocrx_word' id='word_1_169' title='bbox 859 1674 988 1703; x_wconf 83' lang='lat' dir='ltr'><strong>LVDI</strong></span> 
     </span>
    </p>
   </div>
   <div class='ocr_carea' id='block_1_4' title="bbox 176 1745 1320 1973">
    <p class='ocr_par' dir='ltr' id='par_1_4' title="bbox 177 1745 1189 1857">
     <span class='ocr_line' id='line_1_27' title="bbox 177 1745 1079 1798; baseline 0.001 -14"><span class='ocrx_word' id='word_1_170' title='bbox 177 1745 352 1797; x_wconf 85' lang='lat' dir='ltr'>Occupat</span> <span class='ocrx_word' id='word_1_171' title='bbox 383 1746 525 1797; x_wconf 83' lang='lat' dir='ltr'>Aprilis</span> <span class='ocrx_word' id='word_1_172' title='bbox 550 1746 649 1785; x_wconf 66' lang='lat' dir='ltr'>{dus</span> <span class='ocrx_word' id='word_1_173' title='bbox 682 1748 913 1798; x_wconf 83' lang='lat' dir='ltr'>cognomine</span> <span class='ocrx_word' id='word_1_174' title='bbox 947 1747 1079 1786; x_wconf 82' lang='lat' dir='ltr'>Victor</span> 
     </span>
     <span class='ocr_line' id='line_1_28' title="bbox 234 1804 1189 1857; baseline 0.001 -14"><span class='ocrx_word' id='word_1_175' title='bbox 234 1804 438 1856; x_wconf 88' lang='lat' dir='ltr'>Iuppiter.</span> <span class='ocrx_word' id='word_1_176' title='bbox 495 1804 566 1843; x_wconf 88' lang='lat' dir='ltr'>hac</span> <span class='ocrx_word' id='word_1_177' title='bbox 598 1804 653 1843; x_wconf 91' lang='lat' dir='ltr'>illi</span> <span class='ocrx_word' id='word_1_178' title='bbox 685 1811 777 1844; x_wconf 91' lang='lat' dir='ltr'>sunt</span> <span class='ocrx_word' id='word_1_179' title='bbox 809 1806 895 1844; x_wconf 87' lang='lat' dir='ltr'>data</span> <span class='ocrx_word' id='word_1_180' title='bbox 928 1805 1072 1857; x_wconf 89' lang='lat' dir='ltr'>templa</span> <span class='ocrx_word' id='word_1_181' title='bbox 1105 1805 1189 1844; x_wconf 89' lang='lat' dir='ltr'>die.</span> 
     </span>
    </p>

    <p class='ocr_par' dir='ltr' id='par_1_5' title="bbox 176 1863 1320 1973">
     <span class='ocr_line' id='line_1_29' title="bbox 176 1863 1320 1916; baseline 0 -14"><span class='ocrx_word' id='word_1_182' title='bbox 176 1863 256 1902; x_wconf 91' lang='lat' dir='ltr'>Hac</span> <span class='ocrx_word' id='word_1_183' title='bbox 288 1875 472 1916; x_wconf 85' lang='lat' dir='ltr'>quoque,</span> <span class='ocrx_word' id='word_1_184' title='bbox 505 1865 546 1902; x_wconf 88' lang='lat' dir='ltr'>ni</span> <span class='ocrx_word' id='word_1_185' title='bbox 577 1863 687 1902; x_wconf 87' lang='lat' dir='ltr'>fallor</span> <span class='ocrx_word' id='word_1_186' title='bbox 706 1895 716 1915; x_wconf 83' lang='lat'>,</span> <span class='ocrx_word' id='word_1_187' title='bbox 750 1864 892 1915; x_wconf 89' lang='lat' dir='ltr'>populo</span> <span class='ocrx_word' id='word_1_188' title='bbox 926 1864 1152 1915; x_wconf 84' lang='lat' dir='ltr'>dignissima</span> <span class='ocrx_word' id='word_1_189' title='bbox 1184 1869 1320 1903; x_wconf 85' lang='lat' dir='ltr'>nostro</span> 
     </span>
     <span class='ocr_line' id='line_1_30' title="bbox 235 1921 1014 1973; baseline 0.001 -13"><span class='ocrx_word' id='word_1_190' title='bbox 235 1922 341 1960; x_wconf 84' lang='lat' dir='ltr'>Atria</span> <span class='ocrx_word' id='word_1_191' title='bbox 373 1921 552 1961; x_wconf 86' lang='lat' dir='ltr'>Libertas</span> <span class='ocrx_word' id='word_1_192' title='bbox 584 1924 713 1973; x_wconf 87' lang='lat' dir='ltr'>coepit</span> <span class='ocrx_word' id='word_1_193' title='bbox 745 1923 888 1961; x_wconf 89' lang='lat' dir='ltr'>habere</span> <span class='ocrx_word' id='word_1_194' title='bbox 923 1936 1014 1962; x_wconf 87' lang='lat' dir='ltr'>sua.</span> 
     </span>
    </p>
   </div>
   <div class='ocr_carea' id='block_1_5' title="bbox 562 2024 897 2066">
    <p class='ocr_par' dir='ltr' id='par_1_6' title="bbox 562 2024 897 2066">
     <span class='ocr_line' id='line_1_31' title="bbox 562 2024 897 2066; baseline 0.003 -1"><span class='ocrx_word' id='word_1_195' title='bbox 562 2025 627 2066; x_wconf 85' lang='lat'>14.</span> <span class='ocrx_word' id='word_1_196' title='bbox 659 2024 749 2065; x_wconf 90' lang='lat' dir='ltr'>HN</span> <span class='ocrx_word' id='word_1_197' title='bbox 764 2036 897 2066; x_wconf 86' lang='lat' dir='ltr'>LVDI</span> 
     </span>
    </p>
   </div>
   <div class='ocr_carea' id='block_1_6' title="bbox 88 2108 1288 2337">
    <p class='ocr_par' dir='ltr' id='par_1_7' title="bbox 88 2108 1288 2337">
     <span class='ocr_line' id='line_1_32' title="bbox 88 2108 1173 2161; baseline 0.001 -14"><span class='ocrx_word' id='word_1_198' title='bbox 88 2116 155 2148; x_wconf 77' lang='lat'>625</span> <span class='ocrx_word' id='word_1_199' title='bbox 176 2108 280 2148; x_wconf 91' lang='lat' dir='ltr'>Luce</span> <span class='ocrx_word' id='word_1_200' title='bbox 315 2115 498 2147; x_wconf 87' lang='lat' dir='ltr'>secutura</span> <span class='ocrx_word' id='word_1_201' title='bbox 531 2115 637 2148; x_wconf 87' lang='lat' dir='ltr'>tutos</span> <span class='ocrx_word' id='word_1_202' title='bbox 669 2115 759 2160; x_wconf 88' lang='lat' dir='ltr'>pete</span> <span class='ocrx_word' id='word_1_203' title='bbox 778 2141 788 2161; x_wconf 82' lang='lat'><em>‚</em></span> <span class='ocrx_word' id='word_1_204' title='bbox 822 2111 948 2148; x_wconf 86' lang='lat' dir='ltr'>navita</span> <span class='ocrx_word' id='word_1_205' title='bbox 968 2141 978 2161; x_wconf 85' lang='lat'>‚</span> <span class='ocrx_word' id='word_1_206' title='bbox 1010 2115 1173 2161; x_wconf 81' lang='lat' dir='ltr'>portus:</span> 
     </span>
     <span class='ocr_line' id='line_1_33' title="bbox 233 2167 1159 2219; baseline 0.001 -13"><span class='ocrx_word' id='word_1_207' title='bbox 233 2167 380 2207; x_wconf 89' lang='lat' dir='ltr'>Ventus</span> <span class='ocrx_word' id='word_1_208' title='bbox 413 2167 458 2206; x_wconf 87' lang='lat' dir='ltr'>ab</span> <span class='ocrx_word' id='word_1_209' title='bbox 492 2180 632 2207; x_wconf 87' lang='lat' dir='ltr'>occasu</span> <span class='ocrx_word' id='word_1_210' title='bbox 665 2168 852 2219; x_wconf 86' lang='lat' dir='ltr'>grandine</span> <span class='ocrx_word' id='word_1_211' title='bbox 886 2170 1030 2207; x_wconf 85' lang='lat' dir='ltr'>mixtus</span> <span class='ocrx_word' id='word_1_212' title='bbox 1063 2170 1159 2208; x_wconf 88' lang='lat' dir='ltr'>erit.</span> 
     </span>
     <span class='ocr_line' id='line_1_34' title="bbox 176 2222 1288 2278; baseline 0.002 -14"><span class='ocrx_word' id='word_1_213' title='bbox 176 2222 334 2265; x_wconf 77' lang='lat' dir='ltr'>Scilicet</span> <span class='ocrx_word' id='word_1_214' title='bbox 366 2233 408 2265; x_wconf 88' lang='lat' dir='ltr'>ut</span> <span class='ocrx_word' id='word_1_215' title='bbox 440 2227 587 2278; x_wconf 87' lang='lat' dir='ltr'>fuerit,</span> <span class='ocrx_word' id='word_1_216' title='bbox 620 2232 749 2265; x_wconf 89' lang='lat' dir='ltr'>tamen</span> <span class='ocrx_word' id='word_1_217' title='bbox 782 2227 853 2265; x_wconf 86' lang='lat' dir='ltr'>hac</span> <span class='ocrx_word' id='word_1_218' title='bbox 880 2227 1115 2266; x_wconf 87' lang='lat' dir='ltr'>Mutinensia</span> <span class='ocrx_word' id='word_1_219' title='bbox 1149 2227 1288 2267; x_wconf 77' lang='lat' dir='ltr'>Caesar</span> 
     </span>
     <span class='ocr_line' id='line_1_35' title="bbox 234 2284 1060 2337; baseline 0.002 -14"><span class='ocrx_word' id='word_1_220' title='bbox 234 2284 428 2324; x_wconf 88' lang='lat' dir='ltr'>Grandine</span> <span class='ocrx_word' id='word_1_221' title='bbox 462 2285 596 2324; x_wconf 87' lang='lat' dir='ltr'>militia</span> <span class='ocrx_word' id='word_1_222' title='bbox 629 2285 798 2337; x_wconf 90' lang='lat' dir='ltr'>perculit</span> <span class='ocrx_word' id='word_1_223' title='bbox 830 2298 935 2325; x_wconf 88' lang='lat' dir='ltr'>arma</span> <span class='ocrx_word' id='word_1_224' title='bbox 968 2298 1060 2325; x_wconf 89' lang='lat' dir='ltr'>sua.</span> 
     </span>
    </p>
   </div>
  </div>
 </body>
</html>
