1570 2527
217 78 268 112 IV

218 200 317 225 nem.
393 201 438 226 ea
481 189 543 226 est
585 188 858 226 fideiussorum
900 187 1202 235 commendatio,
1247 200 1324 236 qua
1363 187 1550 226 maiorem

219 259 298 283 non
338 246 453 284 multi
499 247 708 295 scriptores
751 246 914 294 habent3
958 246 1019 283 cui
1059 257 1129 283 nec
1170 245 1202 282 si
1238 245 1421 283 adessent
1459 245 1552 283 libri

221 316 300 341 uno
333 307 401 342 aut
427 305 551 342 altero
579 304 732 341 saeculo
757 304 1006 351 vetustiores,
1037 303 1227 341 momenti
1250 304 1418 341 multum
1445 316 1550 341 acce-

220 362 311 399 dere
355 374 469 411 posse
510 362 722 410 putaveris.
795 374 911 410 quem
950 361 1159 398 admodum
1198 362 1395 398 saeculum
1433 370 1464 399 x
1502 361 1550 399 ab

220 420 366 457 effrena
392 421 636 458 saeculorum
655 428 701 457 XI
722 421 761 457 et
780 428 845 457 XII
877 419 1179 467 interpolatione
1204 419 1341 457 abesse
1367 419 1550 468 creditur,

220 478 278 515 ita
309 479 524 515 scribarum
556 478 793 525 rusticitate,
832 479 1022 525 quantum
1047 476 1222 524 memini,
1259 477 1440 515 convenit
1464 490 1552 515 cum

221 537 384 573 saeculis
415 536 601 584 proximis
635 535 919 584 superioribus,
965 534 1193 582 ceteroquin
1223 534 1402 581 capitalis
1435 535 1552 583 scrip-

221 595 335 631 turae
362 594 601 641 exemplaria
627 605 742 641 saepe
769 592 923 630 secutis.
987 591 1043 628 ita
1068 591 1150 639 ipse
1177 590 1429 629 Ponticorum
1453 592 1554 630 liber

220 651 533 701 Hamburgensis
576 664 701 700 neque
745 650 922 688 bonitate
967 649 1249 697 scripturarum
1291 662 1418 699 neque
1458 650 1552 698 ipsis

225 710 441 747 scribarum
467 709 617 746 mendis
643 710 759 758 longe
785 708 908 746 distat
933 719 956 744 a
980 707 1202 755 fragmento
1229 705 1552 756 Guelferbytano,

219 768 365 805 veteris
402 768 567 805 alicuius
605 765 840 804 recensionis
878 765 1076 814 progenie.
1153 765 1342 814 scriptum
1372 765 1446 803 hoc
1476 766 1553 804 fuit

221 826 375 864 saeculo
427 826 610 874 septim03
660 825 886 862 litteratura
928 824 1055 861 utitur
1104 823 1258 871 eadem,
1308 836 1385 872 qua
1433 824 1553 862 codex

219 884 434 933 Augustini
485 882 774 921 Bellovacensis
825 882 917 919 anni
959 880 1139 919 DCXXV
1183 877 1405 933 (Ribbeckii
1447 881 1551 920 Prol.

221 942 339 991 Verg.
372 956 408 990 p.
444 940 557 992 232).

339 1000 413 1037 Sed
444 1002 579 1037 tamen
608 999 753 1037 veteris
787 999 949 1048 originis
988 998 1110 1035 libros
1141 998 1211 1035 illa
1244 999 1375 1035 aetate
1406 999 1553 1035 multos

221 1059 462 1108 superfuisse
500 1060 570 1095 aut
606 1058 860 1096 intemeratos
900 1057 1091 1094 mansisse
1127 1068 1205 1094 non
1241 1055 1444 1104 probabile
1482 1059 1552 1104 est,

222 1120 430 1165 postquam
462 1117 628 1154 Romani
659 1116 813 1164 imperii
844 1115 957 1152 ruina
987 1115 1177 1152 bonarum
1209 1115 1354 1151 artium
1384 1126 1552 1163 proven-

222 1178 308 1212 tum
327 1175 367 1212 in
386 1175 493 1212 Urbe
514 1174 687 1222 obtrivit,
708 1174 747 1211 in
766 1173 975 1222 provinciis
995 1173 1193 1221 repressit.
1263 1172 1464 1210 barbaries
1484 1172 1554 1210 illa

222 1233 255 1270 si
298 1233 399 1270 forte
436 1234 576 1281 poetae
613 1233 813 1280 exemplar
849 1244 970 1269 unum
1009 1231 1208 1268 residuum
1244 1230 1339 1267 fecit
1378 1231 1448 1267 aut
1491 1230 1554 1267 de-

222 1291 339 1329 scribi
378 1303 493 1339 passa
530 1293 606 1339 est,
644 1290 684 1327 id
721 1291 823 1338 quod
859 1290 899 1326 in
937 1289 1071 1326 multis
1104 1288 1360 1337 scriptoribus
1392 1288 1551 1337 factum,

222 1361 321 1397 quae
358 1349 509 1397 pridem
546 1349 784 1397 interpolata
813 1348 854 1385 in
885 1360 930 1385 eo
960 1348 1137 1395 fuerunt,
1174 1348 1263 1384 rata
1293 1346 1551 1384 habebantur.

340 1407 490 1444 Novem·
522 1411 613 1444 sunt
639 1406 804 1453 saecula,
837 1405 978 1454 quibus
1005 1404 1134 1442 Ovidii
1159 1416 1349 1453 censores,
1384 1404 1553 1442 admira-

222 1468 346 1513 tores,
384 1465 621 1513 imitatores,
659 1476 801 1501 nomen
831 1463 1002 1501 mutuati
1034 1465 1103 1500 aut
1134 1462 1312 1500 ementiti
1341 1474 1555 1510 numquam

223 1524 444 1571 defuerunt,
469 1535 606 1561 versus
631 1523 736 1560 haud
762 1534 851 1559 raro
878 1521 981 1570 apud
1007 1521 1216 1569 scriptores
1237 1533 1260 1558 a
1278 1520 1390 1557 libris
1409 1520 1554 1558 nostris

223 1582 487 1630 discrepantes
525 1581 796 1629 proferuntur,
834 1579 901 1617 sed
939 1580 984 1616 de
1022 1578 1325 1627 interpolatione
1355 1589 1434 1615 non
1463 1578 1552 1626 plus

223 1652 340 1688 quam
373 1639 477 1688 apud
505 1639 712 1676 Horatium
742 1637 970 1684 testimonii,
1001 1635 1348 1685 grammaticorum
1379 1637 1420 1673 et
1450 1635 1555 1673 litte-

223 1700 401 1735 ratorum
433 1710 548 1735 curae
579 1697 688 1734 nulla
719 1696 802 1733 eius
834 1695 950 1743 modi,
988 1695 1047 1732 uti
1079 1694 1125 1732 de
1156 1694 1325 1742 Lucano,
1357 1693 1554 1742 Iuvenale,

222 1756 369 1793 mentio
402 1757 473 1794 est.
545 1756 584 1792 in
613 1754 723 1803 poesi
746 1754 843 1802 ipsa,
874 1752 1117 1801 Halieuticis,
1150 1752 1398 1801 Heroidibus,
1429 1752 1553 1790 Meta-

223 1815 497 1863 morphosibus
529 1813 844 1862 interpolationis
870 1811 1089 1849 rhetoricae
1114 1811 1185 1848 aut
1209 1810 1555 1861 grammaticorum

227 1873 322 1910 satis
354 1873 564 1910 manifesta
595 1874 687 1909 sunt
717 1870 870 1918 indicia,
904 1869 971 1908 sed
1002 1870 1042 1906 in
1071 1869 1166 1906 locis
1190 1868 1285 1917 ipsis
1311 1868 1554 1918 gravissimis

224 1931 320 1968 adeo
348 1931 580 1968 indiscretae
608 1942 675 1967 eae
694 1929 968 1978 professiones,
993 1928 1165 1966 incertae
1185 1928 1346 1975 aetates,
1372 1921 1555 1965 confusae

225 1989 455 2027 eruditionis
488 1991 528 2026 et
558 1988 735 2026 inscitiae
765 1990 894 2035 notae,
925 1986 1024 2023 nihil
1055 1988 1100 2023 ut
1124 1986 1345 2034 generatim
1370 1985 1556 2023 constitui

225 2050 295 2085 aut
324 2048 365 2084 in
396 2047 511 2084 huius
538 2047 584 2084 de
611 2046 728 2084 tertio
754 2045 950 2084 volumine
976 2044 1215 2093 quaestionis
1241 2055 1355 2081 usum
1381 2043 1557 2081 converti

224 2105 360 2154 possit.
433 2118 510 2142 non
547 2105 700 2153 dubito,
738 2104 831 2153 quin
867 2103 914 2140 de
952 2115 997 2140 eo
1029 2103 1245 2151 cogitatum
1276 2102 1344 2150 sit,
1382 2100 1486 2150 quod
1516 2101 1557 2138 in

224 2164 350 2212 primo
382 2163 578 2201 volumine
610 2163 801 2200 librorum
826 2161 1077 2212 egregiorum
1101 2159 1298 2208 beneficio,
1331 2159 1364 2196 si
1388 2159 1464 2207 ipsi
1488 2159 1556 2197 ad-

226 2224 382 2270 eantur,
425 2222 594 2259 fortasse
631 2222 861 2259 facultatem
898 2220 1060 2268 habeat,
1101 2221 1146 2256 ut
1181 2219 1282 2256 liber
1319 2217 1556 2267 archetypus

225 2280 461 2318 informetur
512 2280 685 2318 eiusdem
729 2279 870 2318 aetatis
915 2290 959 2316 ac
1003 2276 1261 2315 Lucretianus
1305 2275 1555 2324 Lachmanni‚
