1570 2527
191 107 246 149 80
739 108 964 140 TRISTIUM

306 216 365 256 Tu
398 217 474 256 dux
507 222 546 255 et
577 227 707 254 comes
740 227 812 267 es3
843 221 886 254 tu
918 227 988 254 nos
1021 214 1181 254 abducis
1214 213 1261 254 ab
1292 214 1448 268 Histro,

222 283 286 314 120
319 275 361 314 In
393 275 598 325 medioque
630 273 725 312 mihi
757 273 824 312 das
856 273 1041 312 Helicone
1072 273 1225 325 locum3

307 334 367 372 Tu
399 333 523 384 mihi,
557 331 658 383 quod
692 343 825 371 rarum
856 337 945 384 est,
977 333 1061 370 vivo
1095 331 1261 371 sublime
1294 331 1436 371 dedisti

307 392 487 442 Nomen,
520 390 565 429 ab
599 392 774 441 exequiis
807 390 909 441 quod
942 390 1033 428 dare
1065 391 1163 428 fama
1196 389 1317 430 solet.

308 449 416 501 Nec,
450 450 517 500 qui
549 448 740 487 detrectat
772 450 1021 500 praesentia,
1053 448 1167 486 Livor
1199 450 1334 500 iniquo

308 508 437 546 Ullum
469 507 516 546 de
550 509 694 546 nostris
726 506 841 545 dente
874 506 1083 545 momordit
1115 518 1236 557 opus.

222 574 286 605 125
308 566 403 604 Nam
437 565 599 604 tulerint
631 577 790 615 magnos
823 577 912 604 cum
944 564 1097 603 saecula
1130 569 1262 603 nostra
1293 570 1454 617 poetas,

308 624 393 663 Non
426 624 500 663 fuit
531 625 687 675 ingenio
721 623 819 661 fama
851 623 1017 673 maligna
1050 635 1135 661 meo
1156 654 1166 673 ‚

308 682 482 733 Cumque
511 694 580 733 ego
607 693 843 733 praeponam
870 681 1012 720 multos
1039 681 1156 733 mihi,
1184 692 1262 720 non
1290 682 1416 719 minor
1447 679 1524 719 illis

309 740 424 779 Dicor
456 746 495 779 et
525 742 565 779 in
598 746 679 779 toto
712 740 904 791 plurimus
936 739 1030 778 orbe
1063 739 1194 790 legor.

311 799 447 850 Siquid
478 798 623 837 habent
653 800 773 849 igitur
804 805 934 837 vatum
966 799 1165 848 praesagia
1197 798 1301 848 veri,

222 866 287 897 130
308 858 492 896 Protinus
525 862 568 896 ut
600 858 772 908 moriar,
805 869 882 895 non
915 868 981 895 ero
1001 887 1012 908 ‚
1043 861 1176 906 terra,
1209 861 1324 894 tuus.

310 915 397 954 Sive
431 915 560 954 favore
592 915 665 953 tuli
684 946 695 966 ‚
728 916 807 953 sive
840 915 938 953 hanc
972 926 1041 964 ego
1075 915 1246 953 carmine
1280 914 1443 964 famam,

308 974 396 1013 Iure
430 973 501 1013 tibi
532 979 691 1025 grates,
725 973 887 1012 candide
920 972 1072 1024 lector,
1104 983 1197 1023 ago.

607 1161 789 1214 LIBER
827 1159 1110 1215 QUINTUS.

842 1287 878 1332 I.

309 1381 422 1420 Hunc
455 1392 611 1432 quoque
644 1380 691 1419 de
723 1380 857 1419 Getico
876 1411 887 1432 ,
918 1381 1044 1418 nostri
1076 1379 1248 1418 studiose
1270 1410 1281 1431 ,
1313 1378 1486 1418 libellum

311 1439 443 1479 Litore
475 1440 701 1490 praemissis
735 1444 918 1489 quattuor
951 1437 1047 1476 adde
1080 1439 1199 1476 meis.

311 1497 383 1536 Hic
416 1510 572 1549 quoque
605 1496 690 1536 talis
724 1499 827 1549 erit,
860 1496 983 1547 qualis
1015 1496 1171 1535 fortuna
1203 1501 1366 1548 poetae:

311 1556 489 1595 Invenies
522 1561 601 1595 toto
636 1557 807 1594 carmine
840 1554 953 1594 dulce
985 1554 1107 1593 nihil.

272 1622 290 1652 5
312 1614 468 1653 Flebilis
501 1620 545 1653 ut
577 1620 710 1653 noster
743 1619 867 1652 status
900 1618 987 1665 est,
1019 1614 1072 1652 ita
1103 1612 1231 1651 flebile
1264 1624 1446 1664 carmen,

313 1670 496 1711 Materiae
529 1673 675 1722 scripto
709 1673 964 1710 conveniente
998 1683 1113 1710 suae.

312 1731 468 1781 Integer
501 1736 540 1769 et
572 1729 695 1769 laetus
727 1729 826 1768 laeta
858 1735 897 1768 et
927 1729 1118 1768 iuvenalia
1150 1729 1249 1769 lusi:

317 1789 380 1827 illa
414 1795 542 1827 tamen
574 1800 679 1826 nunc
712 1799 773 1826 me
806 1789 1072 1838 composuisse
1106 1789 1233 1838 piget.

313 1847 363 1885 Ut
394 1846 547 1899 cecidi,
579 1845 698 1884 subiti
730 1857 872 1897 perago
905 1847 1112 1896 praeconia
1144 1858 1281 1898 casus,

252 1914 292 1945 10
316 1906 488 1956 Sumque
521 1906 740 1956 argumenti
772 1904 952 1943 conditor
983 1906 1067 1955 ipse
1099 1906 1201 1943 mei.

316 1964 443 2014 thue
476 1965 607 2002 iacens
640 1964 724 2013 ripa
756 1962 900 2001 deflere
933 1961 1132 2013 Caystrius
1164 1962 1243 2001 ales

316 2022 465 2061 Dicitur
497 2033 563 2060 ore
597 2033 706 2060 suam
738 2020 943 2059 deficiente
976 2033 1133 2072 necem,

317 2080 380 2119 Sic
414 2092 514 2132 ego,
548 2079 780 2118 Sarmaticas
812 2078 926 2130 longe
958 2080 1158 2130 proiectus
1190 2081 1230 2118 in
1262 2091 1374 2130 oras,

316 2138 452 2177 Efficio
473 2169 483 2189 ‚
514 2140 675 2178 tacitum
707 2150 756 2177 ne
787 2137 883 2176 mihi
915 2138 1033 2176 funus
1066 2143 1150 2176 eat.

253 2205 294 2235 15
317 2196 479 2235 Delicias
513 2198 636 2248 siquis
668 2196 887 2247 lascivaque
919 2197 1090 2234 carmina
1123 2196 1298 2246 quaerit,

315 2254 585 2294 Praemoneo:
619 2266 695 2293 non
728 2260 816 2306 est,
849 2255 994 2305 scripta
1026 2253 1129 2305 quod
1161 2255 1234 2292 ista
1266 2252 1391 2304 legat!

316 2313 451 2364 Aptior
483 2312 574 2351 huic
607 2312 737 2352 Gallus
769 2313 977 2364 blandique
1010 2312 1239 2364 Propertius
1273 2314 1375 2363 oris,
