1570 2527
593 122 657 154 111.
683 123 879 155 406—475.
1317 118 1400 159 271

183 231 362 271 Fulmina
393 236 484 282 post
515 242 630 269 ausos
663 229 813 269 caelum
846 229 1040 268 adfectare
1073 229 1256 280 Gigantes
1347 236 1403 267 (93)

93 298 162 330 440
244 289 406 340 Sumpta
437 288 545 328 Iovi.
601 290 728 339 primo
761 295 937 339 tempore
969 289 1130 327 inermis
1163 293 1268 327 erat.

184 347 363 400 [Ignibus
396 347 493 387 Ossa
524 349 635 386 novis
669 352 707 386 et
737 346 872 385 Pelion
905 347 1019 386 altius
1053 346 1149 385 Ossa

239 407 347 446 Arsit
379 412 418 445 et
449 408 489 445 in
523 405 644 445 solida
675 406 775 444 fixus
808 405 995 456 Olympus
1027 405 1145 444 11111110
1162 403 1189 455 .]

182 465 266 505 Stat
298 477 455 516 quoque
487 476 602 516 capra
629 463 769 503 simul.
820 458 1011 515 nymphae
1036 465 1188 515 pavisse
1221 463 1404 502 feruntur

240 523 416 563 Cretides
435 555 446 575 ‚
477 524 616 562 infanti
647 522 705 562 136
738 522 846 562 dedit
878 522 939 562 illa
971 522 1073 561 Iovi.

92 590 159 622 445
180 582 293 622 Nunc
325 594 443 621 vocor
475 581 522 621 ad
554 594 724 621 nomen.
782 581 990 633 vegrandia
1022 582 1124 620 sarra
1157 580 1316 620 colonae

240 640 347 686 Quae
380 640 478 680 male
511 647 750 692 creverunt,
785 652 974 692 vescaque
1005 651 1123 691 parva
1154 645 1314 678 vocant.

180 699 246 739 Vis
278 711 322 738 ea
355 701 387 738 si
419 698 528 739 verbi
561 705 648 751 est,
681 711 751 738 cur
783 710 861 738 non
894 710 965 749 ego
998 698 1178 737 Vediovis
1210 697 1344 737 aedem

240 758 386 797 Aedem
417 770 495 797 non
528 759 657 809 magni
689 759 867 809 suspicer
900 769 985 796 esse
1016 754 1152 796 Iovis?

181 816 340 868 Iamque
372 816 440 855 ubi
472 816 696 855 caeruleum
729 815 934 855 variabunt
966 816 1095 855 sidera
1127 813 1300 867 caelum,

93 883 161 915 450
242 874 432 926 Suspice:
479 874 674 926 Gorgonei
706 873 802 912 colla
834 873 983 913 videbis
1017 875 1132 925 equi.

182 933 364 973 Creditur
396 933 460 972 hic
493 945 603 972 caesa
635 932 815 983 gravidae
848 934 1000 972 cervice
1033 931 1215 971 Medusae

243 991 439 1043 Sanguine
472 993 666 1043 respersis
697 990 927 1042 prosiluisse
959 991 1086 1030 iubis.

183 1050 284 1090 Huic
316 1063 435 1102 supra
467 1050 592 1090 nubes
625 1056 664 1089 et
696 1049 832 1089 subter
865 1049 992 1089 sidera
1024 1050 1131 1101 lapso

242 1108 399 1148 Caelum
431 1121 502 1160 pro
535 1115 669 1161 terra,
701 1121 772 1160 pro
805 1108 904 1159 pede
936 1110 1054 1160 pinna
1086 1109 1182 1160 suit,

93 1176 160 1207 455
184 1168 343 1219 lamque
374 1168 592 1218 indignanti
623 1179 720 1206 nova
752 1167 862 1206 frena
894 1173 1099 1218 receperat
1130 1178 1222 1218 ore,

242 1226 339 1266 Cum
371 1225 466 1265 levis
498 1227 640 1265 Aonias
672 1225 817 1277 ungula
850 1225 948 1264 fodit
978 1237 1120 1277 aquas.

181 1285 294 1324 Nunc
327 1286 473 1324 fruitur
505 1284 610 1324 caelo
630 1315 640 1335 ,
674 1284 777 1335 quod
810 1285 940 1335 pinnis
972 1290 1060 1323 ante
1092 1283 1273 1336 petebat,

240 1343 290 1382 Et
321 1343 468 1382 nitidus
501 1343 623 1383 stellis
656 1344 830 1394 quinque
863 1343 1077 1393 decemque
1111 1344 1248 1381 micat.

180 1402 368 1441 Protinus
400 1403 566 1453 aspicies
598 1403 770 1440 venienti
801 1407 916 1440 nocte
950 1401 1142 1440 Coronam

93 1469 162 1500 460
242 1460 440 1500 Gnosida.
496 1460 648 1499 Theseo
682 1461 845 1499 crimine
878 1460 977 1499 facta
1010 1460 1080 1499 dea
1113 1465 1194 1499 est.

181 1519 260 1559 lam
292 1519 392 1558 bene
424 1521 583 1570 periuro
616 1525 786 1558 mutarat
817 1520 982 1570 coniuge
1014 1518 1233 1570 Bacchum,
1346 1527 1405 1559 (94)

242 1578 348 1624 Quae
381 1577 488 1617 dedit
518 1579 670 1628 ingrato
703 1577 764 1616 fila
796 1577 959 1628 legenda
990 1579 1096 1616 viro.

183 1636 296 1676 Sorte
329 1638 405 1675 tori
437 1636 610 1688 gaudens
644 1633 758 1687 ‘quid
790 1635 930 1675 ssebam
962 1637 1109 1675 rustica
1123 1633 1164 1675 ?’
1198 1635 1294 1675 dixit

242 1692 417 1734 ‘Utiliter
450 1694 562 1734 nobis
593 1695 766 1746 perfidus
798 1694 861 1733 ille
894 1692 1010 1733 fuit.'

93 1762 161 1793 465
182 1754 335 1794 Interea
366 1754 484 1793 Liber
517 1753 686 1805 depexos
719 1752 895 1792 crinibus
928 1752 1044 1792 Indos

240 1812 341 1852 Vicit
358 1844 369 1865 ‚
402 1819 441 1852 et
473 1824 543 1852 eoo
575 1812 682 1851 dives
714 1811 761 1851 ab
795 1811 888 1851 orbe
921 1812 1045 1851 redit.

181 1871 288 1911 lnter
320 1874 489 1923 captivas
522 1871 619 1910 facie
652 1877 873 1923 praestante
906 1870 1055 1922 puellas

241 1930 357 1969 Grata
389 1932 504 1969 nimis
536 1929 688 1968 Baccho
721 1929 797 1969 filia
829 1931 934 1980 regis
966 1935 1072 1968 erat.

181 1988 316 2027 Flebat
347 2000 478 2027 amans
512 1990 709 2027 coniunx,
765 1989 1007 2038 spatiataque
1038 1987 1152 2026 litore
1186 1998 1304 2026 curvo

93 2055 161 2087 470
240 2046 373 2086 Edidit
403 2046 561 2086 incultis
594 2045 682 2085 talia
713 2045 831 2085 verba
863 2047 1008 2085 comis:

182 2102 262 2144 ‘En
294 2108 467 2157 iterum7
499 2105 672 2156 ssuctuS‚
705 2104 842 2144 similis
875 2104 1005 2144 audite
1039 2103 1254 2156 querellas!

238 2164 297 2203 En
329 2166 473 2204 iterum
506 2163 684 2203 lacrimas
716 2165 848 2214 accipe
867 2194 878 2216 ‚
909 2163 1083 2215 harena,
1116 2162 1243 2202 meas!

182 2222 394 2272 Dicebam,
425 2224 616 2274 memini,
649 2219 844 2273 “periure
878 2228 916 2261 et
946 2221 1094 2274 perfide
1127 2221 1283 2261 Theseu

240 2281 306 2321 1116
338 2281 460 2334 abiit,
493 2282 627 2321 eadem
660 2283 823 2320 crimina
854 2280 1030 2320 Bacchus
1062 2280 1200 2320 habet.

93 2347 160 2379 475
182 2339 294 2380 Nunc
321 2352 476 2393 quoque
497 2337 639 2380 “nulla
665 2336 786 2379 viro''
809 2338 981 2379 clamabo
1004 2336 1183 2379 “femina
1213 2335 1399 2378 credatl„

1299 2218 1347 2249 ’9,
