1570 2527
162 160 247 202 334
702 161 955 193 FASTORUM

216 278 260 309 50
341 270 447 315 Quos
481 281 551 319 ego
585 268 768 306 Romanis
801 268 1055 307 succubuisse
1088 269 1181 308 tuli.

281 328 356 366 Sed
390 339 515 378 neque
543 328 766 378 paeniteat,
800 339 871 365 nec
903 339 998 378 gens
1026 327 1118 365 mihi
1150 328 1277 365 carior
1301 326 1379 366 ulla
1411 331 1492 365 est.

340 386 410 424 Hic
444 385 578 436 colar,
610 385 673 423 hic
706 391 857 423 teneam
891 398 979 424 cum
1012 385 1099 424 Iove
1133 385 1274 436 templa
1307 397 1416 424 meo.

279 444 365 496 lpse
398 444 493 482 mihi
525 443 676 482 Mavors
709 440 975 482 “commendo
1007 441 1194 482 moenia'’
1228 444 1324 482 dixit

340 500 480 541 “Haec
513 501 612 541 tibi.
671 507 714 540 tu
746 502 894 553 pollens
926 501 1024 541 urbe
1057 503 1210 552 nepotis
1242 497 1381 540 eris.''

217 570 258 600 55
280 561 388 600 Dicta
421 561 516 599 fides
550 562 757 611 sequitur.
815 566 971 599 centum
1005 560 1249 599 celebramur
1280 561 1320 598 in
1352 561 1453 598 aris:

338 619 417 658 Nec
450 619 572 657 levior
605 620 741 669 quovis
775 624 834 658 est
866 619 961 657 mihi
993 620 1138 657 mensis
1170 619 1317 657 honor.

279 677 359 717 Nec
386 684 514 716 tamen
540 677 645 716 huuc
672 676 785 716 nobis
811 678 1078 716 tantummodo
1105 683 1276 727 praestat
1304 675 1494 715 honorem

339 736 488 775 Roma.
546 735 762 774 suburbani
794 737 886 774 dant
917 736 1010 775 mihi
1042 748 1185 774 munus
1216 735 1340 774 idem.

281 795 433 846 Inspice
452 826 462 846 ,
497 807 594 845 quos
626 794 767 833 habeat
798 795 1005 833 nemoralis
1038 794 1166 833 Aricia
1198 795 1341 845 fastos,

217 863 259 893 60
339 853 388 892 Et
420 853 588 904 populus
620 852 795 891 Laurens
826 853 1120 903 Lanuviumque
1152 864 1306 891 meum:

280 912 350 950 Est
381 912 459 950 illic
492 913 637 950 mensis
671 910 884 950 Iunonius.
943 913 1092 962 inspice
1126 910 1250 950 Tibur

340 970 388 1009 Et
420 970 695 1008 Praenestinae
729 972 880 1008 moenia
914 981 1021 1008 sacra
1054 969 1171 1020 deae,

282 1028 466 1067 Iunonale
499 1028 605 1078 leges
638 1034 821 1079 tempus:
866 1040 937 1066 nec
971 1027 1159 1066 Romulus
1190 1026 1275 1065 illas

340 1087 548 1125 Condidit.
606 1091 644 1125 at
675 1088 800 1124 nostri
831 1086 952 1124 Roma
986 1088 1139 1136 nepotis
1172 1081 1300 1123 erat.'

219 1154 260 1185 65
282 1144 454 1184 Finierat
486 1145 609 1183 luno.
668 1146 935 1194 respeximus:
975 1143 1155 1182 Herculis
1189 1155 1285 1181 uxor

342 1203 505 1255 Stabat,
537 1208 576 1241 et
607 1204 647 1241 in
679 1202 783 1241 voltu
817 1204 924 1253 signa
957 1202 1123 1240 dolentis
1155 1207 1289 1240 erant.

283 1259 387 1300 ‘Non
421 1274 520 1312 ego,
554 1263 585 1299 si
618 1266 699 1299 toto
731 1266 855 1299 mater
888 1272 948 1299 me
981 1260 1119 1298 cedere
1153 1259 1258 1298 caelo

341 1320 533 1371 iusserit,
565 1321 684 1358 invita
717 1325 839 1358 matre
872 1315 1075 1357 morabor'
1109 1320 1182 1356 ait.

283 1376 415 1417 ‘Nunc
443 1390 598 1428 quoque
626 1389 702 1416 non
730 1377 856 1416 luctor
883 1377 929 1415 de
957 1378 1112 1415 nomine
1145 1377 1333 1427 temporis
1360 1374 1495 1414 huius:

200 1447 263 1484 ,50
342 1437 555 1487 Blandior,
589 1442 627 1474 et
659 1440 789 1486 partes
822 1448 943 1486 paene
977 1436 1149 1485 rogantis
1181 1446 1274 1485 ago,

283 1495 458 1546 Remque
493 1496 569 1532 mei
601 1496 698 1532 iuris
731 1494 860 1532 malim
893 1495 1066 1532 tenuisse
1099 1492 1320 1544 precando:

342 1554 390 1592 Et
422 1554 549 1591 faveas
581 1565 719 1591 causae
753 1554 914 1590 forsitan
947 1554 1030 1602 ipse
1064 1563 1194 1590 meae.

284 1614 409 1650 Aurea
442 1611 616 1662 possedit
648 1612 753 1649 socio
787 1610 972 1662 Capitolia
1004 1609 1148 1661 templo

342 1670 465 1709 Mater
484 1702 494 1721 ,
527 1676 595 1722 et,
626 1674 670 1708 ut
701 1668 846 1720 debet,
880 1681 968 1707 cum
1000 1669 1088 1707 Iove
1122 1679 1270 1706 summa
1303 1672 1431 1705 tenet.

220 1738 261 1768 75
283 1729 331 1767 At
363 1729 483 1767 decus
516 1740 629 1766 omne
664 1728 757 1766 mihi
789 1729 981 1777 contingit
1012 1728 1161 1777 origine
1195 1726 1361 1764 mensis,

342 1786 488 1825 Unicus
521 1792 608 1837 est,
641 1786 688 1824 de
721 1798 797 1836 quo
831 1786 1112 1836 sollicitamur,
1144 1784 1293 1822 honor.

285 1845 384 1891 Quid
417 1856 563 1895 grave,
597 1845 629 1881 si
661 1844 816 1881 titulum
850 1845 1024 1894 mensis,
1058 1843 1258 1893 Romane,
1291 1841 1432 1880 dedisti

343 1903 524 1941 Herculis
559 1903 698 1952 uxori,
730 1903 1017 1952 posteritasque
1051 1897 1232 1939 memor‘?

286 1962 388 2000 Haec
423 1972 578 2012 quoque
612 1965 715 1998 terra
743 1959 887 2010 aliquid
915 1959 1032 1997 debet
1065 1959 1157 1997 mihi
1190 1959 1346 1996 nomine
1371 1958 1497 2007 magni

221 2029 263 2060 80
344 2020 557 2070 Coniugis.
613 2018 689 2056 huc
722 2025 852 2068 captas
885 2017 1033 2068 appulit
1064 2017 1126 2055 ille
1159 2016 1302 2068 boves,
1426 2014 1431 2015 ⁷

286 2079 356 2117 Hic
388 2077 486 2116 male
520 2077 703 2115 defensus
736 2076 900 2114 flammis
933 2082 971 2115 et
1002 2076 1090 2114 dote
1122 2081 1282 2126 paterna

346 2137 469 2176 Cacus
501 2136 728 2174 Aventinam
762 2136 948 2185 sanguine
982 2135 1095 2172 tinxit
1126 2133 1308 2172 humum.

286 2195 342 2233 Ad
376 2196 558 2246 propiora
591 2205 735 2232 vocor.
792 2193 979 2243 populum
1011 2193 1171 2242 digessit
1203 2191 1249 2229 ab
1282 2192 1392 2229 annis

346 2252 534 2291 Romulus
554 2284 564 2304 ,
597 2253 636 2290 in
668 2257 799 2302 partes
832 2250 1107 2300 distribuitque
1140 2249 1258 2288 duas:

225 2320 266 2351 85
290 2311 392 2350 Ilaec
426 2311 516 2349 dare
550 2310 783 2359 consilium,
816 2321 990 2360 pugnare
1022 2309 1192 2359 paratior
1224 2307 1286 2346 illa
1318 2313 1399 2358 est3

348 2369 452 2407 Haec
484 2374 589 2407 aetas
622 2368 766 2407 bellum
799 2367 964 2419 suadet,
996 2373 1033 2405 at
1064 2365 1126 2404 illa
1158 2368 1281 2416 gerit.
