1570 2527
174 122 256 165 118
765 123 911 158 1BmIS

203 240 270 272 540
352 232 467 272 Orbis
499 235 538 271 in
571 233 788 271 innumeris
819 233 1017 271 inveniare
1048 232 1143 272 locis
1159 232 1185 283 .]

289 291 410 342 Inque
444 293 521 330 tuis
554 291 712 342 opifex,
744 291 820 329 vati
853 291 956 341 quod
989 292 1081 330 fecit
1112 292 1290 343 Achaeo,

347 349 469 387 Noxia
499 348 711 387 luminibus
744 349 891 399 spicula
923 349 1064 388 condat
1094 351 1201 400 apis.

291 406 426 457 [Fixus
459 412 498 445 et
528 408 568 445 in
600 406 709 445 duris
742 409 913 457 carparis
945 409 1095 446 viscera
1126 410 1256 460 saxis,

347 465 397 504 Ut
429 466 492 503 cui
523 464 670 515 Pyrrha
702 466 763 503 sui
795 464 872 503 filia
903 465 1035 503 fratris
1067 471 1151 504 erat
1166 465 1191 515 .]

201 531 269 563 545
289 523 339 561 Ut
370 535 469 573 puer
501 522 740 574 Harpagides
772 523 920 561 referas
953 522 1129 574 exempla
1160 523 1376 575 Thyestae,

347 581 469 632 Inque
502 582 560 619 tui
592 593 728 620 caesus
759 582 910 619 viscera
941 582 1062 632 patris
1095 593 1185 620 eas.

290 639 445 678 Trunca
477 651 590 690 geras
623 651 735 677 saevo
767 639 954 677 mutilatis
986 638 1163 690 partibus
1196 651 1312 691 ense,

205 719 252 724 —-
348 697 483 743 Qualia
514 697 725 736 Mamertae
757 697 931 736 membra
963 698 1083 736 fuisse
1117 698 1271 738 ferunt.

289 756 417 806 thue
451 755 654 807 Syracosio
686 757 918 806 praestricta
950 756 1060 794 fauce
1092 761 1253 807 poetae,

201 822 268 853 550
350 814 414 852 Sic
445 815 594 852 animae
626 814 764 864 laqueo
797 815 848 852 sit
878 815 936 852 via
968 813 1098 852 clausa
1129 820 1242 853 tuae.

287 872 446 911 Nudave
480 872 638 923 derepta
669 878 826 922 pateant
858 877 922 910 tua
955 873 1104 910 viscera
1135 872 1262 923 pelle,

346 930 396 968 Ut
426 930 639 981 Phrygium
671 931 782 968 cuius
814 932 969 968 nomina
1002 930 1146 969 flumen
1178 929 1316 969 habet.

288 988 474 1027 Saxificae
506 988 635 1027 videas
667 988 801 1026 infelix
835 1000 901 1026 ora
933 988 1142 1039 Medusae,

347 1046 574 1097 Cephenum
606 1046 748 1085 multos
781 1058 879 1096 quae
913 1046 1018 1084 dedit
1049 1059 1126 1085 una
1158 1048 1266 1086 neci.

200 1113 266 1144 555
287 1105 519 1144 Potniadum
552 1117 706 1143 morsus
739 1104 879 1143 subeas
898 1136 908 1155 ,
940 1110 984 1143 ut
1016 1104 1184 1143 Glaucus
1204 1137 1215 1156 ,
1247 1115 1460 1155 equarum,

347 1162 486 1214 [Inque
519 1165 636 1201 maris
669 1163 810 1213 salias,
843 1162 1011 1201 Glaucus
1044 1169 1088 1202 ut
1119 1163 1245 1215 alter,
1277 1172 1396 1213 aquas
1411 1161 1438 1212 .]

290 1221 434 1272 [thue
462 1220 614 1259 duobus
645 1221 749 1259 idem
776 1221 889 1259 dictis
914 1220 1029 1259 modo
1055 1233 1198 1259 nomen
1223 1219 1405 1273 habenti,
1449 1228 1505 1261 (26)

344 1279 577 1317 Praefocent
608 1280 757 1317 animae
789 1280 902 1317 noxia
935 1279 1047 1317 mella
1077 1281 1176 1318 viam
1192 1278 1219 1328 .]

289 1337 541 1388 Sollicitoque
573 1336 711 1388 bibas,
744 1338 858 1387 Anyti
890 1337 1138 1376 doctissimus
1171 1337 1263 1376 olim

200 1404 267 1435 560
347 1395 621 1446 Inperturbato
654 1396 757 1446 quod
790 1395 887 1434 bibit
919 1407 986 1434 ore
1018 1407 1133 1434 reus.

286 1453 366 1492 Nec
398 1453 468 1493 tibi
488 1485 499 1505 ,
531 1453 659 1504 siquid
692 1465 795 1492 amas
814 1484 824 1504 ,
857 1453 1009 1492 felicius
1041 1453 1238 1492 Haemone
1271 1453 1405 1493 cedat:

345 1511 473 1562 thue
507 1524 575 1550 sua
607 1511 836 1559 Macareus,
869 1513 924 1550 sic
957 1513 1105 1562 potiare
1138 1518 1226 1551 tua.

287 1569 354 1608 Vel
386 1570 517 1608 videas
535 1601 546 1617 ‚
579 1570 682 1621 quod
708 1571 783 1608 iam
809 1582 899 1608 cum
924 1570 1099 1608 flammae
1132 1576 1271 1609 cuncta
1303 1576 1502 1622 tenerent,

346 1628 562 1667 Hectoreus
595 1630 718 1679 patria
750 1628 844 1666 vidit
876 1628 922 1666 ab
954 1640 1042 1667 arce
1075 1641 1198 1679 puer.

199 1694 266 1725 565
289 1686 484 1736 Sanguine
516 1685 659 1736 probra
690 1686 774 1724 luas
794 1718 804 1737 ,
836 1692 880 1724 ut
911 1698 980 1724 avo
1013 1689 1189 1737 genitore
1222 1693 1400 1739 creatus,

344 1743 418 1782 Per
450 1744 600 1782 facinus
633 1756 745 1782 soror
778 1750 837 1782 est
869 1746 932 1782 cui
964 1756 1033 1782 sua
1066 1745 1164 1783 facta
1195 1757 1358 1795 parens.

287 1801 450 1840 Ossibus
482 1804 601 1852 inque
633 1803 710 1840 tuis
743 1801 809 1840 teli
841 1813 964 1851 genus
997 1802 1154 1841 haereat
1185 1802 1303 1854 illud,

346 1859 529 1898 Traditur
560 1860 674 1898 Icarii
705 1872 781 1910 quo
815 1860 1002 1898 cecidisse
1035 1872 1177 1911 gener.

287 1918 414 1969 thue
445 1918 586 1968 loquax
617 1919 656 1956 in
690 1930 789 1968 equo
823 1924 882 1956 est
914 1918 1051 1956 elisum
1084 1925 1219 1969 guttur
1251 1930 1416 1972 acerno,

200 1985 266 2016 570
359 1976 423 2015 Sic
455 1976 525 2015 tibi
557 1975 758 2014 claudatur
790 1975 929 2026 pollice
962 1978 1066 2014 vocis
1097 1979 1195 2016 iter.

286 2036 362 2073 Aut
393 2040 437 2073 ut
468 2034 718 2072 Anaxarchus
738 2065 748 2085 ,
779 2034 854 2084 pila
886 2035 1073 2072 minuaris
1104 2037 1144 2073 in
1175 2035 1272 2086 alta,

345 2092 502 2142 Ictaque
535 2105 605 2143 pro
638 2092 761 2130 solitis
793 2091 970 2142 frugibus
1002 2105 1089 2131 ossa
1121 2099 1282 2132 sonent.

287 2149 413 2201 thue
446 2156 596 2201 patrem
622 2149 869 2201 Psamathes,
904 2150 1044 2188 condat
1076 2157 1113 2189 te
1138 2150 1320 2189 Phoebus
1351 2152 1392 2189 in
1424 2152 1498 2189 ima

344 2208 534 2259 Tartara,
568 2208 669 2259 quod
704 2214 816 2247 natae
848 2209 994 2246 fecerat
1026 2208 1089 2246 ille
1122 2221 1238 2248 suae.

199 2274 266 2305 575
289 2265 409 2317 Inque
444 2273 531 2305 tuos
564 2279 606 2304 ea
639 2268 760 2317 pestis
793 2272 882 2317 eat,
915 2278 1030 2316 quam
1062 2266 1196 2305 dextra
1228 2266 1394 2306 Coroebi

345 2323 445 2363 Vicit
463 2354 474 2376 ,
506 2336 618 2375 opem
650 2326 803 2363 miseris
835 2324 1106 2375 Argolisinque
1139 2324 1246 2364 tulit.
