1570 2527
173 110 258 151 290
713 111 968 144 FASTORUM

202 227 268 258 210
347 218 428 257 Hoc
462 219 625 257 Curetes
657 218 800 257 habent
818 250 828 270 ,
859 219 932 257 hoc
965 214 1202 270 Corybantes
1233 233 1355 272 opus.

288 277 365 315 Res
397 277 510 315 latuit
540 282 719 327 patrem:
763 278 961 327 priscique
992 279 1204 317 imitamina
1237 279 1351 331 facti,

347 336 447 373 Aera
479 335 573 373 deae
606 336 768 374 comites
799 347 994 386 raucaque
1027 342 1135 386 terga
1167 343 1344 376 movent.

290 393 468 444 Cymbala
500 405 571 444 pro
604 393 750 445 galeis,
782 405 854 444 pro
886 395 1008 432 scutis
1040 399 1220 445 tympana
1250 395 1428 446 pulsant:

347 451 456 489 Tibia
488 451 552 489 dat
583 451 801 503 Phrygios,
833 457 876 490 ut
908 451 1014 489 dedit
1045 458 1162 504 ante,
1193 451 1372 492 modos.'

202 518 267 549 215
289 509 494 548 Desierat.
552 511 685 560 coepi:
726 507 817 548 ‘cur
848 509 938 548 huic
971 521 1094 560 genus
1124 522 1242 562 acre,
1273 511 1405 550 leones

348 567 543 606 Praebent
574 568 748 606 insolitas
780 567 826 606 ad
858 569 946 618 iuga
978 580 1095 606 curva
1126 568 1237 607 iubas
1251 566 1292 607 P’

287 626 486 664 Desieram
507 657 515 665 .
572 628 728 677 coepit:
768 623 922 664 ‘feritas
954 625 1099 665 mollita
1130 639 1200 678 per
1231 627 1335 666 illam

347 684 557 723 Creditur:
602 684 639 723 id
672 697 793 723 curru
825 685 1030 723 testificata
1062 697 1132 723 suo
1164 682 1269 724 est.'

290 740 358 781 eAt
390 755 460 781 cur
492 743 678 781 turrifera
709 748 826 794 caput
857 748 917 781 est
949 749 1108 781 onerata
1139 741 1316 783 corona?

200 810 266 840 220
346 802 403 839 An
436 803 572 852 primis
604 807 735 840 turres
768 800 932 840 urbibus
963 801 1026 839 illa
1058 799 1216 840 deditP'

287 860 462 898 Annuit.
520 857 644 898 ‘unde
676 857 802 898 venit'
835 859 913 898 dixi
946 856 1036 898 ‘sua
1067 859 1241 898 membra
1273 861 1428 900 secandi

346 917 518 968 Impetus
538 915 579 956 P'
623 924 668 956 ut
698 919 831 970 tacui,
862 918 986 956 Pieris
1019 929 1107 956 orsa
1138 918 1268 970 loqui:

289 973 437 1027 ‘Phryx
470 988 568 1026 puer
599 977 639 1014 in
672 976 806 1026 silvis,
839 976 935 1014 facie
969 976 1218 1028 spectabilis,
1249 978 1349 1017 Attis

345 1034 375 1071 T
379 1035 595 1084 urrigeram
628 1040 733 1072 casto
765 1035 887 1073 vinxit
919 1046 1049 1072 amore
1082 1034 1215 1073 deam.

201 1101 266 1131 225
288 1092 399 1130 Hunc
433 1092 507 1130 sibi
539 1094 685 1131 servari
716 1092 865 1143 voluit,
899 1104 967 1130 sua
998 1092 1141 1143 templa
1174 1095 1297 1147 til-eri,

346 1150 394 1189 Et
427 1151 523 1189 dixit
555 1147 748 1201 “semper
780 1151 839 1188 fac
870 1163 969 1200 puer
1001 1162 1087 1189 esse
1119 1148 1273 1190 velis.''

286 1209 353 1247 Ille
385 1209 500 1246 fidem
532 1209 650 1247 iussis
683 1208 816 1260 dedit,
849 1214 888 1247 et
919 1205 990 1247 “si
1020 1206 1247 1261 mentiar,''
1278 1211 1407 1262 inquit

346 1264 523 1305 “Ultima
542 1298 552 1318 ‚
586 1279 661 1318 qua
693 1266 847 1318 fallam,
881 1268 931 1305 sit
962 1266 1092 1305 Veuus
1125 1267 1187 1305 illa
1219 1266 1374 1308 mihi.”

286 1325 425 1377 Fallit,
458 1331 498 1363 et
528 1326 568 1363 in
600 1325 768 1376 nympha
801 1325 1015 1374 Sagaritide
1048 1325 1191 1364 desinit
1222 1338 1307 1365 esse

200 1392 266 1423 230
347 1383 458 1429 Quod
491 1384 564 1422 fuit
584 1412 593 1422 .
648 1383 738 1422 hinc
770 1395 914 1434 poenas
947 1384 1066 1433 exigit
1095 1385 1152 1422 ira
1184 1383 1302 1423 deae.

286 1441 406 1480 Naida
438 1441 662 1480 volneribus
695 1442 861 1480 succidit
892 1443 931 1480 in
964 1441 1103 1480 arbore
1135 1442 1246 1481 sactis
1263 1473 1276 1494 ,

344 1500 411 1538 Illa
442 1502 573 1551 perit3
606 1500 728 1538 fatum
759 1500 893 1539 naidos
926 1499 1042 1538 arbor
1074 1505 1180 1538 erat:

286 1557 358 1596 Hic
390 1559 515 1610 furit,
547 1564 585 1596 et
617 1558 782 1597 credens
813 1558 970 1597 thalami
1000 1558 1260 1608 procumbere
1294 1564 1442 1598 tectum

345 1616 519 1669 Effugit,
553 1622 590 1655 et
621 1629 741 1655 cursu
773 1617 959 1668 Dindyma
992 1629 1141 1655 summa
1172 1618 1294 1669 petit3

201 1683 267 1713 235
288 1674 337 1713 Et
369 1675 482 1713 modo
515 1672 643 1713 “tolle
676 1676 780 1714 faces
800 1672 864 1727 !,''
899 1671 1122 1713 “remove''
1154 1675 1268 1714 modo

291 1745 294 1747 ·
1015 1730 1268 1772 “verberal”
1300 1733 1460 1786 clamat,

349 1791 470 1842 Saepe
501 1790 703 1829 Meletinas
735 1793 837 1829 iurat
868 1791 1003 1829 adesse
1035 1790 1150 1829 deas.

287 1849 353 1887 Ille
388 1851 502 1887 etiam
534 1861 626 1887 saxo
659 1861 801 1899 corpus
833 1849 989 1888 laniavit
1020 1854 1157 1900 acuto,

346 1907 554 1958 Longaque
587 1909 626 1945 in
658 1907 858 1946 immundo
890 1907 1048 1957 pulvere
1080 1913 1202 1946 tracta
1235 1919 1346 1946 coma
1375 1914 1458 1959 est,

287 1965 446 2016 Voxque
479 1966 553 2003 fuit
585 1962 775 2004 “meruil
820 1967 978 2004 meritas
1011 1965 1058 2004 do
1091 1967 1278 2017 sauguine
1309 1977 1477 2017 poenas.

202 2033 267 2063 240
347 2023 400 2062 A!
439 2030 601 2075 pereant
632 2031 792 2075 partes,
825 2036 922 2074 quae
954 2036 1125 2062 nocuere
1157 2020 1311 2063 mihi!''

289 2079 374 2120 “Al
413 2079 611 2132 pereant''
644 2082 797 2121 dicebat
827 2082 953 2121 adhuc
971 2113 982 2134 ,
1020 2094 1119 2121 onus
1151 2083 1321 2132 inguinis
1353 2082 1502 2134 aufert,

347 2140 538 2191 Nullaque
571 2147 662 2179 sunt
694 2140 823 2179 subito
856 2142 963 2191 signa
995 2140 1129 2178 relicta
1162 2142 1257 2178 viri.

289 2198 403 2237 Venit
433 2200 473 2236 in
506 2198 727 2249 exemplum
758 2200 867 2238 furor
899 2199 961 2237 hic
980 2229 990 2249 ‚
1022 2198 1235 2248 mollesque
1268 2200 1433 2237 ministri

349 2256 523 2295 Caedunt
554 2258 705 2296 iactatis
737 2257 826 2295 vilia
857 2256 1030 2295 membra
1063 2253 1228 2295 comis?

203 2323 268 2353 245
291 2314 447 2352 Talibus
480 2315 623 2353 Aoniae
657 2315 820 2354 facunda
852 2327 945 2354 voce
977 2314 1166 2354 Camenae
