1570 2527
200 119 283 160 126
742 121 806 153 EX
830 120 988 153 PONTO

374 229 503 269 Paene
535 230 651 268 etiam
684 230 824 268 merito
855 230 1011 280 parcior
1042 229 1100 268 ira
1130 240 1217 268 meo
1249 235 1331 269 est.

317 287 363 327 Di
395 288 538 326 faciant
568 288 688 338 igitur
707 318 717 338 ‚
751 299 918 338 quorum
950 289 1189 327 iustissimus
1219 289 1305 339 ipse
1336 293 1421 342 est,

231 354 297 385 100
376 346 484 384 Alma
515 345 611 384 nihil
644 347 768 384 maius
802 345 965 385 Caesare
997 351 1101 385 terra
1133 346 1255 385 ferat:

323 403 466 454 [thue
499 403 566 443 diu
599 403 672 442 sub
705 416 749 442 eo
783 406 838 443 sic
872 406 921 443 sit
953 404 1025 443 sub
1059 404 1222 443 Caesare
1254 410 1383 456 terra,

376 461 531 513 Perque
562 474 701 501 manus
733 462 850 501 huius
882 462 1024 501 tradita
1056 465 1182 514 gentis
1215 462 1317 512 eat.]

317 522 366 559 At
404 526 446 559 tu
483 526 563 559 tam
599 521 779 572 placido,
820 533 936 571 quam
974 532 1044 559 nos
1083 533 1238 572 quoque
1276 522 1472 560 sensimus

1047 579 1179 631 illum,
1498 588 1538 620 (9)

377 637 510 677 Iudice
541 650 612 689 pro
644 638 816 677 lacrimis
848 650 914 676 ora
946 637 1097 676 resolve
1129 639 1226 676 meis
1246 668 1254 676 .

233 704 298 735 105
319 695 405 734 Non
438 697 585 748 petito,
616 701 661 735 ut
691 696 789 735 bene
823 698 900 748 sit3
933 696 1000 735 sed
1029 697 1087 735 uti
1112 695 1210 734 male
1237 697 1384 748 tutius,
1414 701 1536 747 utque

378 754 547 793 Exilium
580 767 692 793 saevo
726 755 844 793 distet
875 754 921 792 ab
953 755 1065 793 hoste
1095 766 1250 793 meum:

320 812 521 864 Quamque
554 813 696 851 dedere
729 813 822 851 mihi
853 814 1073 864 praesentia
1104 814 1264 851 numina
1295 813 1435 863 vitam,

378 871 464 909 Non
496 871 638 910 adimat
670 872 806 910 stricto
839 871 1038 922 squalidus
1071 883 1163 909 ense
1196 870 1336 910 Getes:

320 929 525 981 Denique,
559 930 589 967 si
622 931 794 981 moriar,
829 929 987 968 subeam
1019 931 1194 980 pacatius
1226 941 1384 981 arvum,

234 997 299 1026 110
379 987 476 1026 Ossa
508 1000 579 1026 nec
612 1000 631 1026 a
665 987 844 1038 Scythica
876 994 1009 1026 nostra
1040 992 1270 1038 premantur
1301 987 1448 1039 humo,

319 1045 400 1084 Nec
431 1046 530 1084 male
563 1048 828 1098 compositos,
861 1052 904 1085 ut
936 1046 1085 1085 scilicet
1117 1045 1250 1085 exsule
1282 1045 1464 1097 dignum,

378 1104 543 1143 Bistonii
575 1106 727 1143 cineres
759 1104 902 1155 ungula
934 1104 1064 1155 pulset
1095 1106 1209 1155 equi:

321 1162 369 1201 Et
400 1174 478 1214 ne,
511 1164 544 1201 si
577 1169 758 1213 superest
789 1163 928 1214 aliquis
959 1168 1048 1213 post
1080 1163 1218 1202 funera
1250 1174 1413 1214 sensus,

379 1221 542 1260 Terreat
574 1227 612 1259 et
643 1233 776 1259 manes
809 1220 996 1260 Sarmatis
1027 1221 1164 1260 umbra
1197 1232 1331 1260 meos.

235 1289 300 1318 115
321 1279 497 1318 Caesaris
528 1279 624 1318 haec
656 1281 828 1318 animum
859 1276 1040 1330 poterant
1071 1279 1200 1318 audita
1233 1291 1414 1332 movere,

380 1337 572 1389 Maxime,
608 1339 820 1377 movissent
852 1339 885 1376 si
916 1343 1045 1376 tamen
1077 1343 1166 1376 ante
1197 1343 1332 1376 tuum.

321 1395 399 1434 Vox
419 1427 430 1448 ,
462 1408 631 1447 precor,
663 1396 856 1447 Augustas
888 1408 959 1446 pro
991 1408 1052 1434 me
1085 1402 1150 1435 tua
1181 1395 1327 1435 molliat
1358 1408 1496 1447 aures,

381 1454 532 1493 Auxilio
565 1454 728 1505 trepidis
755 1467 853 1506 quae
887 1454 986 1493 solet
1017 1466 1103 1493 esse
1135 1456 1237 1494 reis:

322 1513 570 1564 Adsuetaque
603 1512 675 1552 tibi
706 1513 842 1552 doctae
875 1513 1079 1552 dulcedine
1109 1512 1263 1564 linguae

237 1579 302 1610 120
382 1571 583 1623 Aequandi
615 1573 769 1622 superis
800 1577 960 1623 pectora
990 1571 1104 1610 ssecte
1136 1573 1231 1610 viri.

322 1630 408 1668 Non
440 1629 510 1669 tihi
542 1629 813 1669 Theromedon
846 1630 1070 1681 crudusque
1102 1629 1302 1681 rogabitur
1333 1629 1500 1680 Atreus,

383 1688 536 1738 Quique
570 1689 652 1726 suis
683 1688 860 1727 homines
891 1688 1031 1739 pabula
1062 1688 1155 1727 fecit
1187 1690 1321 1738 equis:

324 1745 400 1785 Sed
431 1748 540 1797 piger
573 1746 619 1784 ad
651 1757 796 1797 poenas
827 1748 1010 1797 princeps
1030 1777 1040 1797 ‚
1072 1746 1118 1785 ad
1149 1747 1320 1797 praemia
1352 1745 1486 1799 velox,

384 1804 537 1855 Quique
570 1803 702 1856 dolet,
742 1806 923 1855 quotiens
956 1806 1107 1854 cogitur
1139 1815 1224 1842 esse
1257 1804 1390 1843 ferox.

238 1871 302 1901 125
325 1862 399 1908 Qui
433 1864 524 1901 vicit
556 1874 710 1913 semper
729 1894 740 1914 ‚
770 1864 883 1901 victis
915 1868 958 1900 ut
990 1874 1151 1913 parcere
1183 1868 1338 1914 posset,
1483 1870 1540 1903 (10)

384 1920 531 1960 Clausit
562 1926 601 1960 et
632 1926 789 1960 aeterna
821 1922 940 1959 civica
971 1920 1070 1959 bella
1103 1932 1211 1960 sera:

324 1979 442 2018 Multa
473 1984 580 2018 metu
612 1991 759 2030 poenae
779 2011 789 2030 ,
820 1991 943 2030 poena
977 1982 1042 2030 qui
1074 1991 1196 2030 pauca
1227 1984 1406 2031 coercet,

384 2037 433 2076 Et
463 2038 556 2076 iacit
585 2038 707 2076 invita
739 2037 898 2076 fulmina
930 2049 1017 2076 rara
1049 2049 1187 2076 manu.

324 2095 427 2147 Ergo
459 2101 536 2135 tam
568 2095 738 2146 placidas
771 2101 900 2135 orator
932 2097 1074 2134 missus
1106 2096 1152 2134 ad
1184 2107 1322 2146 aureS,

239 2162 304 2193 130
384 2152 433 2193 Ut
462 2155 624 2206 propior
655 2156 802 2206 patriae
834 2156 884 2193 sit
915 2154 1003 2205 fuga
1035 2159 1168 2193 nostra
1187 2185 1198 2206 ‚
1229 2165 1344 2204 roga.

325 2212 391 2251 Ille
425 2225 495 2263 ego
528 2224 614 2252 sum
634 2245 644 2264 ‚
676 2215 743 2264 qui
775 2219 812 2252 te
846 2211 975 2264 colui,
1009 2225 1124 2263 quem
1157 2213 1254 2251 festa
1286 2210 1435 2250 solebat

383 2269 490 2309 Inter
525 2273 705 2311 convivas
737 2283 870 2311 mensa
902 2270 1032 2310 videre
1065 2277 1176 2309 tuos:

325 2328 391 2368 Ille
424 2341 494 2380 ego
514 2361 524 2381 ‚
557 2331 624 2380 qui
655 2330 747 2369 duxi
780 2336 930 2369 vestros
961 2328 1209 2381 Hymenaeon
1240 2328 1287 2368 ad
1317 2329 1452 2380 igneS,
