1570 2527
202 138 287 179 304
742 138 995 171 PASTORUM

233 256 298 287 695
319 247 423 286 Haec
455 247 568 285 modo
601 245 781 284 verrebat
813 252 978 285 stantem
1011 246 1169 286 tibicine
1202 247 1353 299 villam,

377 305 488 343 Nunc
522 305 655 343 matris
686 304 828 355 plumis
860 317 929 343 ova
961 305 1123 344 fovenda
1155 305 1293 357 dabat,

319 365 395 402 Aut
427 362 568 401 virides
600 362 773 414 malvas,
805 369 871 402 aut
903 364 1042 414 fungos
1075 363 1220 414 colligit
1251 363 1387 416 albos,

378 422 453 460 Aut
484 421 669 459 humilem
702 427 810 471 grato
844 421 994 460 calfacit
1025 424 1113 472 igne
1145 423 1299 462 focum.

320 479 367 518 Et
399 486 527 518 tamen
559 479 725 518 assiduis
759 486 915 518 exercet
946 479 1103 518 brachia
1135 480 1246 531 telis,

235 546 300 577 700
380 538 654 588 Adversusque
687 539 810 576 minas
843 539 999 588 frigoris
1032 550 1137 576 arma
1167 544 1298 589 parat.

320 596 442 635 Filius
473 596 589 634 buius
623 602 706 635 erat
736 597 861 647 primo
895 596 1059 635 lascivus
1091 598 1131 635 in
1163 608 1280 648 aevo,

378 654 666 705 Addideratque
698 667 820 693 annos
853 655 898 693 ad
931 655 1006 693 duo
1039 654 1161 693 lustra
1194 655 1314 694 duos.

320 713 355 751 Is
388 715 491 764 capit
523 714 687 751 extremi
719 713 870 764 volpem
902 713 1073 752 convalle
1106 713 1253 753 salicti:

377 771 600 810 Abstulerat
632 771 772 810 multas
804 771 867 809 illa
901 772 1071 810 cohortis
1104 784 1215 810 aves.

236 838 301 869 705
324 830 520 880 Captivam
553 830 694 880 stipula
726 830 916 880 faenoque
949 830 1135 882 involvit,
1169 836 1207 869 et
1238 831 1347 881 ignes

375 889 593 927 Admovet:
638 895 798 927 urentes
831 890 966 938 effugit
998 888 1058 927 illa
1093 900 1252 927 manns:

319 947 400 992 Qua
434 948 531 997 sugit
550 978 560 998 ,
592 947 766 985 incendit
797 949 957 985 vestitos
989 947 1180 985 messibus
1213 957 1350 997 agros3

376 1005 578 1043 Damnosis
610 1006 713 1043 vires
744 1005 899 1055 ignibus
932 1016 1023 1043 aura
1057 1005 1192 1043 dabat.

318 1063 477 1102 Factum
511 1063 632 1113 abiit,
665 1065 902 1102 monimenta
934 1070 1120 1103 manent..
1178 1075 1265 1101 nam
1298 1063 1451 1102 deicere

1043 1127 1192 1172 captam

230 1189 296 1219 710
374 1180 486 1218 Nunc
519 1192 675 1230 quoque
707 1179 768 1218 lex
800 1179 950 1230 volpem
984 1179 1211 1218 Carseolana
1243 1184 1368 1230 vetat,

318 1238 442 1289 thue
474 1238 554 1276 luat
586 1249 730 1289 poenas
752 1269 762 1289 ,
793 1249 888 1288 gens
920 1237 1015 1276 haec
1048 1237 1264 1276 Cerialibus
1295 1238 1428 1290 ardet;

375 1296 538 1347 Quoque
572 1296 684 1334 modo
718 1301 870 1347 segetes
903 1296 1099 1348 perdidit,
1132 1298 1213 1347 ipsa
1246 1293 1392 1347 perit.'

772 1388 839 1429 20.
871 1386 953 1428 FN

316 1471 495 1509 Proxima
528 1483 616 1510 cum
648 1473 777 1510 veniet
810 1477 934 1510 terras
966 1473 1095 1509 visura
1126 1476 1305 1522 patentes

375 1529 591 1568 Memnonis
623 1531 663 1568 in
695 1531 820 1568 roseis
852 1529 954 1568 lutea
987 1537 1109 1568 mater
1142 1531 1278 1580 equis,

230 1597 294 1627 715
315 1588 369 1626 De
402 1588 501 1626 duce
533 1588 695 1639 lanigeri
727 1589 880 1638 pecoris
899 1619 910 1639 ,
943 1590 1009 1638 qui
1040 1587 1211 1638 prodidit
1243 1587 1402 1639 Hellen,

376 1646 440 1684 Sol
473 1646 580 1685 abit.
637 1658 794 1697 egresso
827 1648 980 1685 victima
1013 1648 1134 1684 maior
1166 1646 1296 1685 adest.

317 1705 437 1743 Vacca
470 1706 520 1743 sit
545 1716 593 1743 an
626 1710 762 1743 taurus
781 1736 792 1757 ,
825 1717 902 1743 non
935 1711 995 1743 est
1020 1716 1256 1755 cognoscere
1282 1710 1527 1756 promptum:

374 1762 468 1800 Pars
500 1764 607 1813 prior
640 1769 827 1814 apparet,
860 1765 1075 1814 posteriora
1108 1763 1249 1802 latent.

317 1820 394 1859 Seu
426 1826 555 1859 tamen
589 1826 648 1860 est
678 1826 842 1872 taurus,
876 1822 954 1859 sive
988 1826 1047 1859 est
1076 1821 1149 1859 boc
1181 1821 1323 1860 femina
1356 1823 1528 1873 signum,

230 1888 296 1918 7⁴20
375 1879 522 1918 Iunone
555 1880 673 1917 invita
704 1890 846 1917 munus
879 1880 1021 1916 amoris
1053 1878 1189 1917 habet.

661 1969 728 2010 21.
767 1968 803 2010 G
830 1968 1052 2010 PAR-N2

317 2053 400 2092 Nox
433 2053 555 2105 abiit,
588 2054 791 2103 oriturque
825 2066 992 2092 aurora.
1048 2053 1188 2092 Parilia
1220 2065 1382 2104 poscor.

374 2112 459 2150 Non
492 2124 633 2162 poscor
665 2112 837 2163 frustra,
872 2114 905 2150 si
937 2113 1038 2150 favet
1069 2111 1164 2150 alma
1196 2111 1329 2151 Pales.

316 2170 423 2208 Alma
455 2169 595 2221 Pales,
628 2170 754 2208 faveas
786 2171 953 2221 pastoria
987 2182 1094 2208 sacra
1127 2171 1303 2221 canenti,

373 2228 597 2278 Prosequor
629 2228 756 2266 officio
790 2230 822 2266 si
854 2234 919 2266 tua
952 2228 1047 2266 festa
1080 2229 1165 2279 pio.

230 2294 294 2324 725
317 2286 429 2325 Certe
464 2299 533 2337 ego
567 2286 613 2325 de
647 2286 765 2324 vitulo
798 2288 969 2325 cinerem
1002 2286 1240 2337 stipulasque
1272 2285 1406 2326 fabalis

374 2344 496 2395 Saepe
529 2344 599 2383 tuli
631 2344 772 2396 plena,
805 2344 940 2384 februa
973 2351 1105 2396 casta,
1138 2357 1276 2384 manu.
