1570 2527
152 117 204 156 12
706 117 931 150 TRISTIUM

266 226 478 266 Fortunam
510 231 711 278 praestent
743 226 1048 277 dissimilemque
1081 238 1212 265 meae.

269 285 311 324 Si
342 290 471 324 tamen
503 285 599 323 haec
630 286 738 323 navis
771 290 883 324 vento
917 285 1089 324 ferretur
1122 286 1269 336 amico,

268 343 520 394 Ignoraretur
553 343 716 382 forsitan
747 345 821 382 ista
852 343 971 382 fides.

268 401 419 440 Thesea
451 401 650 440 Pirithous
682 413 760 440 non
793 407 870 440 tam
903 403 1091 440 sensisset
1123 402 1314 453 amicum,

204 468 247 498 20
270 460 311 498 Si
343 472 421 498 non
453 460 626 498 infernas
658 462 768 499 vivus
801 460 946 499 adisset
978 471 1119 510 aquas.

269 518 320 557 Ut
352 518 454 557 soret
485 518 706 570 exemplum
739 520 820 557 veri
852 518 1030 556 Phoceus
1063 519 1230 570 amoris,

268 576 466 615 Fecerunt
497 577 620 615 suriae
640 609 650 629 ,
683 578 808 615 tristis
841 576 979 615 Oresta
998 607 1009 628 ‚
1040 580 1155 614 tuae.

270 635 310 673 Si
343 647 421 673 non
453 634 645 686 Euryalus
676 634 843 673 Rutulos
876 635 1083 673 cecidisset
1112 635 1154 672 in
1186 633 1345 685 hostes,

270 692 501 744 Hyrtacidae
534 693 618 732 Nisi
650 692 770 743 gloria
806 693 909 732 nulla
942 694 1066 731 foret.

205 759 248 790 25
272 751 430 790 Scilicet
460 757 504 791 ut
536 752 684 790 fulvum
717 757 917 803 spectatur
948 753 988 790 in
1019 750 1175 801 ignibus
1208 761 1371 802 aurum,

269 810 463 861 Tempore
495 811 551 848 sic
584 810 683 849 duro
717 815 777 848 est
807 809 1050 861 inspicienda
1082 809 1200 847 fides.

267 868 367 907 Dum
399 870 506 907 iuvat
537 874 577 907 et
608 868 717 907 vultu
749 868 851 907 ridet
884 867 1056 907 Fortuna
1088 879 1254 918 sereno,

268 926 502 965 Indelibatas
535 932 675 965 cuncta
708 932 930 977 sequuntur
961 937 1079 977 opes:

268 985 316 1023 At
348 985 463 1024 simul
495 986 696 1036 intonuit,
728 985 912 1037 fugiunt,
944 996 1017 1023 nec
1049 984 1226 1022 noscitur
1258 982 1350 1035 ulli,

203 1052 247 1082 30
269 1043 499 1094 Agminibus
532 1045 718 1082 comitum
751 1045 817 1094 qui
849 1043 964 1082 modo
997 1043 1150 1081 cinctus
1183 1046 1288 1081 erat.

268 1102 394 1152 Atque
426 1102 521 1140 haec
541 1133 552 1153 ‚
584 1101 771 1152 exemplis
805 1101 1001 1152 quondam
1034 1100 1196 1139 collecta
1227 1101 1431 1152 priorum,

268 1160 380 1199 Nune
414 1160 509 1199 mihi
541 1166 633 1199 sunt
663 1161 834 1212 propriis
867 1161 1022 1211 cognita
1055 1171 1148 1197 vera
1179 1158 1313 1198 malis.

267 1217 339 1257 Vix
371 1218 447 1257 duo
480 1224 609 1257 tresve
641 1218 738 1258 mihi
770 1218 816 1257 de
850 1224 907 1257 tot
939 1219 1156 1269 superestis
1189 1218 1326 1270 amici3

269 1277 407 1316 Cetera
439 1276 636 1316 Fortunae
655 1308 665 1328 ,
699 1289 776 1315 non
809 1289 893 1315 mea
925 1276 1040 1316 turba
1072 1276 1167 1314 fuit.

206 1343 249 1374 35
272 1335 357 1380 Quo
390 1337 512 1386 magis
532 1367 543 1387 ‚
576 1348 597 1373 o
629 1337 773 1387 pauci,
806 1335 925 1374 rebus
958 1335 1179 1374 succurrite
1210 1333 1349 1385 laesis,

269 1393 319 1432 Et
350 1394 436 1432 date
469 1394 671 1444 naufragio
703 1393 816 1432 litora
850 1399 932 1432 tuta
963 1405 1074 1445 meo,

267 1451 372 1490 Neve
403 1458 511 1491 metu
544 1452 639 1490 falso
673 1453 836 1490 nimium
869 1451 1061 1502 trepidate
1081 1482 1092 1502 ,
1123 1451 1332 1501 timentes,

267 1510 347 1549 Hac
380 1510 600 1549 offendatur
631 1522 680 1549 ne
712 1512 854 1561 pietate
888 1509 1007 1548 deus!

270 1568 393 1619 Saepe
427 1569 541 1607 fidem
574 1568 748 1607 adversis
781 1570 896 1607 etiam
929 1568 1098 1606 laudavit
1128 1568 1170 1605 in
1201 1567 1343 1617 armis,

203 1635 248 1666 40
268 1627 393 1678 Inque
426 1629 508 1666 suis
540 1633 642 1666 amat
672 1627 773 1665 hanc
806 1626 947 1665 Caesar
966 1658 977 1678 ,
1008 1628 1048 1665 in
1079 1625 1191 1664 hoste
1223 1624 1386 1676 probat.

270 1685 393 1724 Causa
425 1697 508 1723 mea
542 1690 602 1723 est
633 1684 771 1723 melior
791 1715 802 1736 ‚
834 1686 901 1735 qui
933 1696 1011 1722 non
1043 1685 1237 1722 contraria
1270 1683 1348 1721 fovi

268 1744 385 1782 Arma
404 1775 414 1795 ‚
447 1744 514 1782 sed
546 1743 646 1782 hanc
679 1744 808 1781 merui
839 1742 1088 1794 simplicitate
1120 1742 1273 1792 sugam.

268 1801 450 1852 Invigiles
481 1803 602 1852 igitur
635 1803 779 1840 nostris
811 1813 882 1852 pro
917 1800 1071 1839 casibus
1090 1832 1102 1853 ‚
1134 1811 1229 1852 oro,

269 1859 450 1899 Deminui
483 1862 593 1911 siqua
626 1861 797 1898 numinis
828 1860 887 1898 ira
918 1865 1070 1910 potest.

204 1926 248 1957 45
272 1918 381 1957 Scire
414 1930 521 1957 meos
554 1930 667 1957 casus
699 1919 822 1968 siquis
856 1917 1052 1956 desiderat
1083 1918 1232 1968 omnis,

271 1977 364 2016 Plus
384 2007 395 2028 ‚
428 1989 543 2027 quam
577 1976 680 2028 quod
713 1977 797 2014 fieri
829 1988 892 2014 res
925 1977 1047 2027 sinit,
1078 1975 1142 2014 ille
1174 1976 1295 2027 petit.

270 2035 345 2074 Tot
370 2035 469 2073 mala
495 2047 582 2075 sum
608 2046 746 2086 passus
766 2066 777 2086 ‚
809 2039 906 2085 quot
930 2035 970 2072 in
997 2034 1155 2073 aethere
1182 2034 1310 2072 sidera
1334 2031 1490 2084 lucent,

270 2094 470 2144 Parvaque
505 2100 600 2145 quot
632 2095 759 2132 siccus
793 2104 957 2143 corpora
989 2092 1114 2143 pulvis
1146 2091 1284 2130 habet:

271 2152 469 2203 Multaque
503 2151 682 2191 credibili
712 2151 873 2190 tulimus
905 2152 1051 2189 maiora
1070 2182 1080 2202 ,
1112 2156 1337 2200 ratamque,

207 2219 251 2249 50
273 2210 456 2255 Quamvis
489 2211 731 2261 acciderint,
763 2221 841 2248 non
873 2208 1052 2247 habitura
1083 2209 1222 2247 fidem.

272 2268 367 2307 Pars
400 2270 516 2307 etiam
549 2269 738 2320 quaedam
770 2279 923 2306 mecum
954 2269 1144 2306 moriatur
1177 2272 1355 2319 oportet,

271 2326 411 2378 Meque
442 2327 556 2366 velim
588 2328 714 2378 possit
745 2325 1012 2366 dissimulante
1044 2327 1134 2377 tegi.
