1570 2527
571 159 631 191 VI.
659 160 832 192 50—120.
1285 156 1370 198 335

151 269 216 308 Sic
248 269 414 320 statuit,
445 279 680 318 mensesque
714 273 804 306 nota
837 268 1005 306 secrevit
1037 266 1195 306 eadem:

207 327 343 366 Iunius
376 331 436 365 est
467 328 682 377 iuvenum3
716 327 783 376 qui
816 326 889 364 fuit
921 331 1008 364 ante
1028 357 1039 378 ‚
1072 323 1255 365 senum.'

150 387 282 425 Dixit.
339 390 377 424 et
408 386 449 424 in
482 385 590 423 litem
623 384 752 423 studio
786 386 1012 423 certaminis
1044 385 1191 436 issent,

83 454 128 485 90
207 445 334 496 Atque
367 445 425 482 ira
457 445 582 494 pietas
615 443 855 482 dissimulata
890 444 991 482 soret
1023 465 1066 469 —

152 503 264 543 Venit
295 502 496 554 Apollinea
529 502 662 553 longas
696 501 912 540 Concordia
946 502 1055 540 lauro

206 561 312 600 Nexa
345 573 504 612 comas,
536 560 678 612 placidi
710 573 855 599 numen
888 573 1065 612 opusque
1098 560 1236 599 ducis.

152 620 254 659 Haec
287 619 355 658 ubi
387 621 560 658 narravit
591 619 745 658 Tatium
779 620 999 670 fortemque
1032 618 1241 664 Quirinum

208 678 383 729 Binaque
417 690 506 717 cum
538 678 692 730 populis
724 690 843 729 regna
877 680 1002 716 coisse
1036 680 1141 729 suis,

86 746 129 778 95
152 737 200 777 Et
230 737 311 776 lare
344 739 543 776 communi
576 749 734 776 soceros
767 749 1015 788 generosque
1049 742 1255 788 receptos,

211 793 302 834 ‘His
335 808 478 835 nomen
510 797 655 835 iunctis
687 793 844 834 Iunius'
877 797 1006 846 inquit
1039 792 1223 834 ‘habetff

153 855 262 895 Dicta
292 855 434 906 triplex
468 867 583 894 causa
617 860 704 893 est.
761 860 800 893 at
831 866 898 893 vos
930 856 1153 907 ignoscite,
1186 854 1318 893 divae:

210 914 288 952 Res
321 919 380 952 est
412 913 573 952 arbitrio
607 925 684 951 non
717 913 935 951 dirimenda
969 925 1080 952 meo,

151 973 206 1012 lte
238 984 354 1023 pares
386 984 405 1010 a
438 984 528 1010 me.
585 972 790 1022 perierunt
822 972 950 1010 iudice
985 972 1132 1010 formae
1302 979 1374 1011 (195)

66 1041 131 1071 100
210 1031 399 1081 Pergama
420 1060 428 1069 .
483 1030 571 1081 plus
605 1029 792 1080 laedunt,
826 1042 940 1081 quam
973 1032 1081 1069 iuvet
1112 1042 1218 1082 una,
1251 1029 1376 1068 duae.

498 1122 532 1163 1.
567 1120 923 1173 [ΗΚ.ΠΝ.]Ν

153 1206 283 1245 Prima
317 1205 401 1244 dies
439 1205 541 1257 tibi,
574 1205 697 1244 Carna
717 1236 727 1256 7
761 1205 904 1244 datur.
961 1206 1032 1244 dea
1071 1205 1244 1244 cardinis
1281 1205 1378 1244 haec

886 1269 969 1303 est:

212 1323 381 1362 Numine
415 1322 545 1361 clausa
578 1323 731 1373 aperit,
765 1322 909 1361 claudit
941 1327 1076 1373 aperta
1108 1334 1202 1361 suo.

156 1382 265 1421 Unde
298 1381 406 1420 datas
438 1380 579 1420 habeat
610 1382 743 1433 vires,
775 1380 982 1419 obscurior
1014 1393 1107 1420 aevo

214 1440 361 1478 Fama:
406 1439 473 1478 sed
507 1452 527 1478 e
561 1445 696 1478 nostro
730 1441 902 1478 carmine
937 1445 1069 1478 certus
1102 1441 1205 1478 eris.

69 1508 134 1540 105
156 1499 316 1538 Adiacet
347 1499 532 1549 antiquus
565 1497 750 1536 Tiberino
782 1498 895 1537 lucus
927 1497 1113 1536 Helerni:

215 1558 426 1596 Pontifices
458 1557 550 1596 illuc
584 1569 688 1596 nunc
721 1569 879 1608 quoque
911 1569 1021 1596 sacra
1054 1557 1210 1596 ferunt.

156 1617 250 1656 lnda
282 1622 363 1655 sata
396 1622 456 1655 est
488 1615 657 1667 nymphe
685 1637 726 1642 -—
755 1615 931 1654 Cranaen
964 1615 1098 1654 dixere
1130 1616 1284 1667 priores
1313 1637 1355 1642 —-

214 1675 459 1726 Nequiquam
493 1675 624 1713 multis
658 1686 773 1726 saepe
805 1676 926 1726 petita
958 1676 1112 1725 procis.

158 1735 262 1773 Rura
295 1735 436 1786 sequi,
468 1733 683 1784 iaculisque
716 1734 818 1772 feras
851 1734 997 1784 agitare
1031 1732 1200 1780 solebat,

73 1803 136 1833 110
217 1792 471 1843 Nodosasque
505 1804 596 1830 cava
627 1791 789 1831 tendere
823 1791 918 1830 valle
951 1791 1104 1842 plagas.

157 1852 243 1890 Non
275 1850 411 1890 hahuit
442 1851 696 1903 pharetram,
728 1850 876 1889 Phoebi
914 1856 1043 1889 tamen
1083 1862 1169 1889 esse
1203 1862 1379 1889 sororem

217 1909 467 1962 Credebant3
501 1922 572 1948 nec
606 1915 719 1961 erat,
752 1909 907 1948 Phoebe
927 1940 938 1961 ‚
971 1908 1153 1960 pudenda
1186 1908 1277 1947 tibi.

159 1969 258 2008 Huic
289 1968 430 2019 aliquis
461 1970 647 2007 iuvenum
680 1968 844 2007 dixisset
875 1969 1042 2007 amantia
1074 1966 1214 2018 verba,

217 2026 421 2066 Reddebat
452 2026 548 2065 tales
580 2028 761 2077 protinus
793 2026 857 2064 illa
889 2037 1033 2064 sonos:

74 2095 138 2126 115
162 2084 286 2125 ‘Haec
318 2084 401 2124 loca
433 2085 532 2124 lucis
558 2084 703 2124 habent
728 2086 870 2136 nimis,
903 2090 942 2123 et
968 2095 1056 2123 cum
1083 2083 1169 2122 luce
1197 2084 1381 2135 pudoris.

221 2144 261 2184 Si
293 2149 445 2183 secreta
477 2145 598 2195 magis
631 2143 741 2183 ducis
774 2145 813 2182 in
846 2148 956 2182 antra
975 2174 986 2195 ‚
1019 2140 1209 2194 sequor.'

160 2202 353 2243 Credulus
385 2209 473 2243 ante
506 2209 550 2242 ut
580 2204 653 2255 iit,
688 2203 849 2242 frutices
882 2202 977 2240 haec
1010 2208 1121 2240 nacta
1155 2203 1328 2253 resistit,

219 2262 269 2302 Et
299 2261 421 2315 latet,
455 2269 494 2301 et
524 2261 631 2300 nullo
664 2267 723 2300 est
755 2261 987 2300 invenienda
1021 2260 1159 2299 moda

162 2321 318 2360 Viderat
349 2320 448 2360 hanc
480 2321 627 2372 Ianus,
660 2322 842 2372 visaeque
876 2319 1061 2371 cupidine
1094 2325 1231 2371 captus

17 2411 19 2414 Α
76 2388 141 2419 120
221 2380 276 2418 Ad
309 2379 448 2418 duram
480 2379 610 2419 verbis
644 2379 827 2418 mollibus
861 2391 956 2418 usus
989 2384 1094 2417 erat.
