1570 2527
548 122 574 153 1.
602 129 618 154 1
638 124 764 155 33—11
783 123 838 155 25.
1287 119 1369 160 123

78 239 122 270 70
202 230 400 281 Aequorei
432 229 613 281 scopulos
645 236 690 268 ut
722 236 830 269 cavat
860 229 965 269 unda
997 229 1109 282 salis3

142 288 310 328 Roditur
340 293 385 327 ut
417 288 553 327 scabra
584 289 757 339 positum
789 288 967 339 robigine
1000 288 1173 339 ferrum,

204 346 394 386 Conditus
426 352 471 386 ut
502 348 629 386 tineae
662 348 838 398 carpitur
870 359 937 386 ore
971 346 1092 386 liber:

146 405 210 445 Sic
241 417 328 444 mea
358 411 572 457 perpetuos
604 417 790 444 curarum
822 412 982 457 pectora
1015 417 1192 456 morsus,

202 463 299 503 Fine
332 464 475 515 quibus
508 463 614 503 nullo
647 465 905 503 conficiantur
924 496 935 517 ,
967 464 1134 503 habent.

81 530 124 563 75
145 522 225 562 Nec
257 524 368 574 prius
400 523 441 561 hi
475 528 643 562 mentem
679 523 856 575 stimuli,
893 535 1008 574 quam
1042 524 1119 562 vita
1151 522 1371 573 relinquet3

205 580 360 633 Quique
393 581 527 634 dolet,
560 583 676 620 citius
710 593 827 633 quam
859 582 970 620 dolor
1002 584 1085 633 ipse
1119 581 1252 620 cadet.

146 639 229 679 Hoc
256 640 351 678 mihi
384 642 418 679 si
449 642 606 692 superi,
634 653 802 691 quorum
830 652 967 679 sumus
1000 642 1153 692 omnia,
1186 639 1371 691 credent,

205 698 384 737 Forsitan
417 701 556 749 exigua
589 699 730 749 dignus
762 698 935 737 habebor
967 711 1065 751 ope,

145 756 268 808 Inque
300 757 429 795 locum
464 757 646 808 Scythico
679 769 845 796 vacuum
878 758 1058 796 mutabor
1091 757 1138 796 ab
1171 769 1288 797 arcu.

81 824 125 855 80
203 815 298 854 Plus
330 817 435 867 isto,
468 816 586 867 duri,
620 817 653 853 si
684 828 852 867 precer,
886 818 964 854 oris
997 828 1089 855 er0.

664 944 722 989 Π.

145 1049 310 1089 Maxime
329 1081 340 1102 ,
373 1051 440 1101 qui
472 1051 569 1088 tanti
601 1061 825 1088 mensuram
858 1052 1027 1089 nominis
1059 1050 1199 1102 imples

205 1108 254 1147 Et
286 1110 460 1159 geminas
493 1110 610 1147 animi
642 1108 844 1148 nobilitate
877 1121 1029 1160 genus:

148 1167 223 1212 Qui
256 1168 364 1206 nasci
396 1172 439 1206 ut
470 1179 636 1219 posses,
670 1169 845 1218 quamvis
878 1168 1057 1206 cecidere
1091 1168 1283 1219 trecenti,

205 1225 292 1264 Non
324 1227 450 1264 omnis
484 1225 623 1264 Fabios
656 1225 816 1264 abstulit
848 1238 925 1264 una
957 1226 1064 1266 dies:

104 1292 124 1323 5
145 1283 325 1324 Forsitan
356 1284 452 1323 haec
485 1296 505 1323 a
538 1296 614 1336 quo
647 1286 825 1323 mittatur
857 1285 1049 1337 epistola,
1083 1296 1271 1337 quaeras,

206 1343 382 1394 Quisque
415 1343 553 1394 loquar
585 1348 745 1396 tecum,
779 1345 924 1382 certior
957 1356 1043 1382 esse
1076 1343 1194 1383 velis.

146 1400 193 1440 Ei
223 1401 349 1441 mihi!
394 1402 487 1453 quid
521 1402 657 1441 faciam
678 1399 698 1440 ?
744 1414 882 1441 vereor
902 1434 912 1454 ,
944 1414 993 1441 ne
1026 1404 1185 1441 nomine
1218 1402 1319 1441 lecto

105 1468 125 1500 8
205 1461 335 1500 Durus
368 1467 407 1499 et
439 1472 573 1499 aversa
605 1466 735 1499 cetera
768 1466 897 1499 mente
931 1460 1058 1512 legas.

84 1527 125 1558 11
149 1519 330 1559 Videris:
381 1519 531 1558 audebo
565 1519 635 1558 tibi
668 1531 730 1557 me
763 1520 969 1570 scripsisse
1003 1520 1119 1559 fateri

148 1637 252 1688 Qui,
286 1649 375 1675 cum
407 1649 468 1675 me
501 1648 626 1687 poena
659 1637 819 1687 dignum
851 1638 1028 1688 graviore
1062 1637 1184 1676 fuisse
1334 1646 1372 1676 (5)

207 1695 431 1747 Confitear,
464 1707 624 1746 possum
658 1696 720 1733 vix
751 1696 928 1745 graviora
960 1697 1064 1746 pati.

85 1762 126 1793 15
149 1753 335 1792 Hostibus
368 1755 408 1792 in
441 1754 579 1792 mediis
611 1756 794 1804 interque
827 1754 1002 1805 pericula
1033 1766 1193 1806 versor,

205 1812 420 1864 Tamquam
455 1825 543 1851 cum
575 1813 701 1864 patria
733 1824 807 1863 pax
841 1814 891 1851 sit
923 1813 1103 1864 adempta
1136 1813 1254 1852 mihi:

147 1871 252 1924 Qui,
284 1873 422 1910 mortis
455 1883 568 1910 saevo
601 1873 801 1922 geminent
833 1877 877 1910 ut
908 1871 1069 1910 vulnele
1103 1884 1265 1925 causas,

206 1929 345 1968 Omnia
378 1931 534 1980 vipereo
567 1929 717 1981 spicula
750 1929 838 1968 felle
871 1930 1022 1969 linunt.

146 1988 216 2027 His
248 2000 370 2039 eques
402 1990 620 2028 instructus
652 1990 863 2039 pe1te11ita
896 1990 1049 2027 moenia
1081 1988 1224 2028 lustrat

82 2055 126 2086 20
205 2046 313 2085 More
345 2047 428 2097 lupi
459 2046 610 2086 clausas
643 2048 886 2085 cilcueuntis
919 2059 1035 2086 ovzes

146 2106 194 2144 At
227 2105 343 2144 simul
375 2107 549 2145 intentus
581 2118 701 2144 nervo
734 2105 829 2144 levis
862 2117 977 2144 arcus
1010 2106 1178 2157 equino,

205 2163 367 2203 Vincula
399 2176 554 2215 semper
586 2164 734 2203 habens
767 2164 1008 2215 inresoluta,
1043 2170 1179 2216 canet,

147 2222 266 2261 Tecta
298 2224 427 2274 rigent
458 2224 545 2262 fixis
577 2222 697 2262 veluti
730 2222 867 2261 vallata
899 2224 1074 2275 sagittis,

204 2281 400 2333 Portaque
433 2283 496 2320 vix
529 2282 638 2320 firma
672 2286 890 2320 summovet
922 2294 1029 2320 arma
1061 2294 1170 2321 sera.

81 2347 125 2379 25
147 2339 253 2379 Adde
285 2339 361 2379 loci
393 2341 531 2380 fac-iem
564 2352 636 2379 nec
669 2340 807 2379 fronde
841 2352 912 2380 nec
945 2340 1085 2380 arbore
1116 2341 1230 2393 laeti,
