1570 2527
535 108 576 141 V.
602 115 652 139 ΠΙ
672 109 809 140 36—1v
829 107 885 139 47.
1328 103 1381 144 87

157 217 260 263 Quid
290 216 470 255 Priamus
503 215 658 266 doleat,
690 214 926 265 mirabitur,
959 213 1128 252 Hectore
1160 218 1299 265 rapto,

160 275 310 322 Quidve
342 274 582 313 Philoctetes
614 275 716 312 ictus
751 272 797 311 ab
831 285 956 324 angue
989 277 1139 323 gemat.

159 334 206 373 Di
238 335 413 373 facerent
445 334 594 371 utinam
614 364 624 383 ,
660 331 744 370 talis
777 337 901 370 status
935 336 1040 370 esset
1070 333 1110 370 in
1141 330 1231 382 illo,

158 393 209 432 Ut
239 405 317 431 non
349 393 532 431 tristitiae
565 403 681 430 causa
713 390 877 429 dolenda
910 388 1033 428 foret!

96 460 137 491 15
158 452 252 490 Fert
283 456 443 501 tamen,
475 455 519 489 ut
551 449 696 501 debet,
730 461 843 487 casus
874 450 1069 499 patienter
1102 459 1276 499 amaros,

158 510 265 549 More
298 522 370 548 nec
402 509 584 548 indomiti
615 509 724 547 frena
756 513 914 546 recusat
946 508 1058 557 equi.

159 569 239 608 Nec
272 569 355 607 sore
388 573 617 619 perpetuam
651 572 783 618 sperat
815 566 889 604 sibi
921 566 1093 604 numinis
1125 566 1246 616 iram,

159 627 370 678 Conscius,
406 628 447 664 in
480 626 593 677 culpa
625 638 703 664 non
737 625 864 664 scelus
898 637 983 663 esse
1018 636 1108 662 sua.

161 686 284 737 Saepe
318 685 469 737 refert,
503 686 554 723 sit
586 690 729 735 quanta
762 684 824 722 dei
858 683 1092 734 clementia,
1126 684 1238 721 cuius

96 753 139 783 20
162 744 211 783 Se
245 756 401 795 quoque
433 745 474 781 in
507 743 694 793 exemplis
728 742 984 780 adnumerare
1018 741 1140 779 solet:

159 803 284 855 Nam,
317 801 421 853 quod
455 813 548 852 opes
581 806 713 839 teneat
744 802 912 851 patrias,
946 800 1049 850 quod
1077 801 1233 838 nomina
1267 799 1386 849 civis,

160 861 336 912 Denique
370 860 475 912 quod
507 861 638 911 vivat,
670 871 814 898 munus
846 858 990 897 habere
1023 858 1108 896 dei.

160 920 214 959 Te
246 926 377 959 tamen
397 951 407 971 ,
440 931 491 972 o,
525 918 652 969 siquid
686 918 814 956 credis
847 917 971 969 mihi,
1005 918 1132 955 carior
1163 916 1218 954 illi

162 978 384 1029 Omnibus,
416 979 455 1016 in
490 983 572 1016 toto
604 982 764 1029 pectore
798 988 953 1027 semper
985 975 1124 1014 habet:

97 1046 140 1077 25
161 1037 295 1089 Teque
328 1036 599 1075 Menoetiaden
619 1067 629 1087 ,
663 1042 700 1075 te
720 1067 730 1087 ,
763 1037 831 1086 qui
864 1036 1071 1073 comitatus
1105 1033 1309 1085 Orestem,

161 1097 215 1135 Te
249 1101 361 1135 vocat
393 1095 565 1146 Aegiden
598 1094 890 1145 Euryalumque
923 1106 1061 1132 suum.

160 1154 242 1193 Nec
274 1156 439 1206 patriam
473 1155 594 1204 magis
628 1153 691 1191 ille
724 1165 834 1191 suam
868 1152 1065 1190 desiderat
1097 1157 1136 1190 et
1170 1163 1268 1202 quae

160 1213 332 1252 Plurima
366 1225 454 1251 cum
486 1214 612 1263 patria
645 1213 764 1250 sentit
797 1211 933 1250 abesse
968 1211 1065 1262 sibi,

163 1271 287 1317 Quam
319 1271 450 1310 vultus
483 1271 697 1321 oculosque
731 1277 819 1309 tuos
839 1301 849 1321 ,
883 1282 903 1308 o
938 1269 1090 1308 dulcior
1121 1268 1186 1307 illo

96 1340 140 1370 30
161 1331 303 1383 Melle,
337 1330 440 1381 quod
473 1331 513 1368 in
546 1331 647 1368 ceris
680 1329 806 1367 Attica
840 1330 949 1380 ponit
981 1329 1086 1378 apis.

166 1390 288 1441 Saepe
323 1391 440 1428 etiam
473 1400 653 1427 maerens
686 1394 841 1438 tempus
875 1389 1142 1425 reminiscitur
1175 1385 1292 1437 illud,

167 1448 278 1494 Quod
312 1460 389 1486 non
422 1453 680 1498 praeventum
713 1452 838 1484 morte
872 1446 992 1484 fuisse
1026 1445 1154 1496 dolet,

164 1507 341 1557 Cumque
374 1506 439 1544 alii
470 1507 654 1556 sugerent
686 1505 837 1543 subitae
872 1505 1048 1555 contagia
1081 1503 1224 1555 cladis,

163 1565 243 1604 Nec
277 1565 420 1603 vellent
451 1567 551 1603 ictae
584 1564 703 1602 limen
735 1564 841 1602 adire
876 1563 1038 1614 domus,

100 1633 144 1664 35
165 1625 219 1663 Te
254 1623 328 1662 sihi
360 1635 449 1662 cum
481 1624 616 1675 paucis
649 1624 826 1661 meminit
858 1623 1048 1660 mansisse
1081 1621 1260 1671 fidelem,

165 1683 206 1722 Si
237 1695 383 1734 paucos
416 1682 554 1733 aliquis
587 1687 715 1720 tresve
750 1681 896 1719 duosve
929 1687 1063 1719 vocat.

165 1742 349 1788 Quamvis
382 1742 599 1792 attonitus,
633 1741 757 1779 sensit
788 1746 919 1779 tamen
953 1741 1080 1778 omnia
1101 1771 1112 1792 ,
1144 1751 1217 1778 nec
1249 1745 1287 1779 te

165 1800 215 1839 Se
246 1802 378 1839 minus
411 1800 584 1838 adversis
616 1799 830 1838 indoluisse
864 1800 968 1837 suis.

162 1858 288 1898 Verba
322 1859 421 1897 solet
451 1858 681 1909 vultumque
715 1865 826 1897 tuum
859 1859 1106 1908 gemitusque
1139 1858 1313 1909 referre,

100 1927 145 1958 40
166 1917 215 1957 Et
246 1923 284 1956 te
316 1917 435 1956 flente
469 1929 561 1956 suos
594 1916 813 1955 emaduisse
847 1919 981 1955 sinus:

165 1976 288 2022 Quam
321 1975 396 2014 sibi
427 1977 700 2027 praestiteris,
735 1988 810 2026 qua
843 1975 1066 2014 consolatus
1098 1976 1266 2013 amicum

168 2035 229 2074 Sis
262 2047 364 2086 ope,
398 2035 581 2073 solandus
615 2047 704 2073 cum
737 2034 851 2072 simul
885 2036 967 2084 ipse
1002 2035 1129 2072 fores.

164 2094 241 2133 Pro
275 2093 418 2145 quibus
451 2094 619 2132 affirmat
650 2094 733 2132 sore
767 2105 808 2131 se
841 2104 1134 2143 memoremque
1173 2093 1391 2143 piumque,

166 2153 255 2191 Sive
289 2153 391 2191 diem
424 2153 578 2204 videat,
612 2154 691 2191 sive
725 2157 879 2202 tegatur
912 2151 1030 2189 humo
1050 2183 1060 2203 ,

100 2220 144 2251 45
166 2211 240 2250 Per
274 2218 390 2262 caput
421 2213 504 2263 ipse
539 2224 654 2250 suum
687 2211 825 2249 solitus
858 2212 987 2249 iurare
1021 2217 1237 2260 tuumque,

168 2270 280 2315 Quod
313 2271 393 2309 scio
426 2283 505 2309 non
538 2270 592 2309 illi
625 2270 739 2308 vilius
774 2281 859 2307 esse
893 2281 988 2308 suo.

165 2328 286 2368 Plena
317 2335 375 2368 tot
405 2341 450 2368 ac
482 2331 599 2368 tantis
632 2329 829 2367 referetur
862 2330 985 2379 gratia
1017 2328 1151 2379 factis,
