1570 2527
131 134 214 176 218
670 134 923 167 FASToRUM

249 244 349 283 Tum
382 243 478 282 deus
510 241 741 282 incumbens
772 241 939 294 haculo,
966 254 1083 294 quem
1114 242 1250 282 dextra
1281 241 1462 295 gerebat,

309 300 469 341 ‘Omina
500 297 728 353 principiis’
759 302 888 352 inquit
919 298 1068 340 ‘inesse
1101 301 1252 341 solent.

249 360 305 399 Ad
337 361 502 410 primam
533 372 667 399 vocem
700 359 853 398 timidas
885 359 1085 399 advertitis
1117 371 1258 412 aureS‚

163 428 229 459 180
308 418 358 457 Et
388 420 508 457 visam
540 419 711 470 primum
743 418 912 457 consulit
943 430 1066 469 augur
1098 430 1229 457 avem.

248 476 407 528 Templa
439 482 573 528 patent
604 489 797 528 auresque
829 476 974 528 deum,
1006 488 1080 515 nec
1111 476 1243 527 lingua
1274 475 1440 515 caducas

309 534 488 586 Concipit
519 535 594 574 ulla
625 547 764 586 preces
783 566 793 586 ‚
826 534 1006 585 dictaque
1037 535 1191 586 pondus
1222 531 1410 574 habent?

252 593 429 633 Desierat
460 593 597 633 Ianus.
655 605 728 632 nec
759 593 872 644 longa
904 593 1056 632 silentia
1087 594 1185 646 feci,

309 651 385 691 Sed
417 653 529 703 tetigi
560 651 689 691 verbis
721 651 856 691 ultima
887 651 1004 691 verba
1034 653 1156 692 meis:

164 719 228 751 185
251 708 372 756 ‘Quid
405 711 484 749 volt
514 710 639 762 palma
671 709 747 750 sibi
777 723 998 762 rugosaque
1030 706 1176 750 carica'
1209 709 1289 749 dixi

312 766 383 808 ‘Et
413 769 500 808 data
531 769 604 808 sub
636 771 747 808 niveo
780 769 935 808 condita
966 769 1078 808 mella
1111 768 1206 808 cado
1220 765 1262 808 ‘2'

251 824 417 867 ‘Omen'
451 830 504 867 ait
536 825 674 867 ecausa
705 833 793 880 est3
825 833 868 866 ut
899 840 963 867 res
995 840 1109 879 sapor
1140 827 1205 866 ille
1237 832 1448 880 sequatur,

309 886 359 925 Et
389 892 549 938 peragat
581 892 762 937 coeptum
793 886 918 925 dulcis
950 891 994 925 ut
1025 898 1150 925 annus
1182 882 1301 924 iter‚'

253 941 409 983 ‘Dulcia
441 957 512 984 cur
544 945 715 997 dentur,
746 945 886 984 video.
943 946 1056 995 stipis
1087 944 1196 984 adice
1229 956 1407 996 causam,

167 1011 231 1043 190
310 1002 404 1042 Pars
437 1003 532 1042 mihi
563 1003 610 1042 de
643 1004 742 1042 festo
775 1015 822 1042 ne
854 1002 958 1042 labet
987 1003 1064 1042 ulla
1098 999 1207 1042 tuo.'

251 1061 379 1110 Risit,
413 1067 449 1100 et
483 1059 524 1099 eo
553 1073 667 1113 quam
699 1067 738 1100 te
770 1061 907 1100 fallunt
937 1067 1004 1100 tua
1036 1060 1188 1100 saecula
1207 1057 1238 1112 ‚⁹
1271 1060 1367 1100 dixit

311 1117 406 1165 ‘Qui
438 1121 539 1170 stipe
571 1120 646 1158 mel
678 1126 831 1171 sumpta
863 1119 1015 1158 dulcius
1047 1131 1133 1158 esse
1165 1118 1302 1170 putas!

250 1177 321 1216 Vix
353 1190 424 1229 ego
458 1178 627 1217 Saturno
660 1190 895 1229 quemquam
927 1184 1114 1229 regnante
1145 1177 1344 1230 videbam,

313 1236 432 1275 Cuius
464 1248 543 1275 non
575 1238 701 1275 animo
735 1236 862 1275 dulcia
893 1237 1001 1275 lucra
1033 1237 1184 1275 forent.

166 1303 230 1334 195
251 1294 443 1346 Tempore
478 1296 600 1334 crevit
631 1306 738 1333 amor
757 1325 768 1347 ,
801 1296 869 1346 qui
899 1307 1003 1334 nunc
1036 1300 1096 1333 est
1127 1306 1326 1346 summus,

975 1352 1162 1392 habendi.

308 1411 380 1450 Vix
412 1412 541 1463 ultra,
574 1423 650 1463 quo
683 1413 758 1450 iam
789 1411 1091 1463 progrediatur,
1122 1410 1261 1450 habet.

252 1470 380 1509 Pluris
411 1482 505 1521 opes
532 1482 637 1509 nunc
669 1475 790 1522 sunt,
822 1482 938 1521 quam
963 1471 1084 1522 prisci
1114 1470 1303 1521 temporis
1334 1470 1467 1521 annis,

310 1528 409 1567 Dum
441 1529 608 1580 populus
640 1540 817 1580 pauper,
850 1528 942 1567 dum
973 1541 1070 1567 nova
1102 1527 1223 1567 Roma
1254 1528 1351 1568 suit:

252 1586 351 1626 Dum
384 1599 470 1626 casa
502 1587 755 1637 Martigenam
787 1586 964 1638 capiebat
994 1598 1111 1638 parva
1143 1586 1374 1639 Quirinum,

165 1653 232 1684 200
311 1645 360 1684 Et
392 1645 507 1684 dabat
538 1647 720 1696 exiguum
752 1645 924 1684 fluminis
956 1645 1044 1684 ulva
1074 1651 1227 1684 torum.

252 1703 428 1755 Iuppiter
459 1710 622 1754 angusta
653 1705 716 1742 vix
747 1710 852 1742 totus
886 1703 1012 1743 stabat
1040 1705 1081 1742 in
1112 1704 1230 1756 aede,

312 1762 435 1812 Inque
467 1761 566 1800 Iovis
598 1762 733 1800 dextra
764 1761 882 1800 fictile
914 1761 1059 1800 fulmen
1092 1767 1197 1800 erat.

254 1819 476 1859 Frondibus
507 1819 727 1871 ornabant,
759 1831 857 1870 quae
888 1832 992 1858 nunc
1025 1819 1212 1870 Capitolia
1243 1820 1429 1871 gemmis⁷

312 1877 578 1929 Pascehatque
611 1890 701 1917 suas
731 1879 814 1929 ipse
847 1883 1004 1916 senator
1036 1889 1150 1917 oves:

168 1945 235 1976 205
256 1936 336 1976 Nec
367 1936 494 1989 pudor
512 1968 523 1987 ,
553 1938 594 1975 in
626 1936 768 1987 stipula
798 1936 987 1987 placidam
1019 1937 1170 1987 cepisse
1202 1936 1376 1988 quietem

314 1995 364 2034 Et
395 1996 550 2034 faenum
582 1996 700 2046 capiti
731 1997 983 2046 supposuisse
1016 1995 1111 2034 suit.

255 2053 345 2093 Iura
377 2053 492 2093 dabat
522 2053 676 2105 populis
707 2055 834 2105 posito
866 2053 979 2092 modo
1012 2059 1169 2104 praetor
1201 2058 1351 2106 aratro,

315 2112 364 2151 Et
394 2112 490 2151 levis
521 2114 672 2162 argenti
702 2112 882 2151 lammina
914 2113 1062 2151 crimen
1095 2117 1199 2150 erat.

257 2171 306 2210 At
335 2177 542 2222 postquam
574 2171 730 2209 fortuna
760 2171 835 2209 loci
867 2176 983 2221 caput
1014 2169 1152 2209 extulit
1182 2170 1321 2222 huius,

169 2237 237 2268 210
316 2228 365 2268 Et
396 2231 524 2280 tetigit
555 2241 705 2268 summo
740 2231 882 2268 vertice
914 2229 1034 2267 Roma
1066 2228 1183 2279 deos,

259 2287 476 2326 Creverunt
507 2294 546 2327 et
576 2300 670 2339 opes
703 2293 742 2326 et
773 2300 891 2339 opum
922 2287 1068 2326 furiosa
1099 2286 1264 2338 cupido,

316 2345 394 2397 Et,
427 2357 516 2384 cum
548 2346 773 2397 possideant
803 2345 970 2397 plurima
987 2376 998 2398 ‚
1030 2344 1143 2397 plura
1173 2350 1335 2397 petunt.
