1570 2527
164 134 246 175 182
704 136 768 167 EX
792 135 949 168 PONTo

214 251 258 283 45
279 243 365 296 Ipse
398 256 469 295 ego
502 242 605 294 quod
637 245 763 294 primo
796 245 937 295 scripsi
969 245 1051 283 sine
1084 245 1241 283 nomine
1275 243 1407 296 vobis,

337 301 408 341 Vix
441 303 621 340 excusari
653 314 767 353 posse
799 302 894 341 mihi
926 303 1086 341 videor.

282 360 359 399 Sed
392 371 510 411 pavor
543 362 707 399 attonito
740 362 902 399 rationis
934 361 1132 400 ademerat
1163 373 1302 412 usum,

339 418 519 457 Cesserat
551 430 664 457 omne
697 421 807 457 novis
839 419 1125 470 consiliumque
1157 419 1290 458 malis.

278 476 570 527 Fortunamque
598 489 723 516 meam
750 482 930 516 metuens
948 508 959 529 ,
991 489 1070 516 non
1101 477 1265 516 vindicis
1297 479 1420 530 iram,
1440 485 1497 519 (99)

216 543 259 574 50
340 534 535 573 Terrebar
567 535 680 574 titulo
713 536 881 573 nominis
913 537 996 587 ipse
1029 537 1127 574 mei.

279 592 477 632 Hactenus
510 592 731 632 admonitus
763 595 929 632 memori
961 593 1132 633 concede
1164 599 1327 647 poetae,

336 651 460 690 Ponat
491 658 534 691 ut
566 654 605 690 in
638 651 782 690 chartis
814 653 971 691 nomina
1002 664 1091 691 cara
1122 654 1227 691 suis.

278 710 410 761 Turpe
444 712 519 749 erit
551 709 769 763 ambobus,
801 710 915 761 longo
949 710 1043 749 mihi
1074 712 1276 762 proximus
1308 722 1382 750 usu

338 768 379 807 Si
411 768 516 807 nulla
547 769 637 807 libri
668 775 778 819 parte
813 768 942 820 legere
975 771 1075 808 mei.

215 834 258 866 55
279 827 335 866 Ne
368 833 497 865 tamen
529 828 602 866 iste
635 834 763 866 metus
796 839 952 866 somnos
985 827 1057 866 tibi
1087 839 1270 878 rumpere
1303 829 1449 879 possit,

336 884 423 923 Non
455 885 557 924 ultra
576 917 586 937 ,
619 897 734 936 qnam
767 887 852 938 vis,
885 886 1084 924 officiosus
1116 897 1215 937 er0;

278 944 412 994 Teque
446 949 572 994 tegam
591 975 602 996 ,
636 946 702 994 qui
734 945 787 983 sis
808 974 816 983 .
872 945 948 982 nisi
980 956 1070 983 cum
1101 945 1327 995 permiserit
1358 945 1468 996 ipse,

338 1001 508 1052 Cogetur
539 1014 654 1040 nemo
686 1014 829 1041 munus
861 1002 1005 1041 hahere
1038 1014 1192 1041 meum.

277 1060 337 1099 Tu
370 1060 514 1112 modo,
547 1072 663 1111 quem
695 1067 852 1111 poteras
885 1060 945 1099 vel
977 1067 1110 1111 aperte
1143 1066 1252 1099 tutus
1285 1072 1437 1114 amare,

214 1127 257 1158 60
337 1118 379 1156 Si
410 1131 474 1157 res
506 1125 567 1157 est
598 1131 741 1169 anceps
773 1121 875 1171 ista,
907 1119 1074 1158 latenter
1105 1130 1213 1158 ama.

777 1247 880 1293 VII.

279 1351 403 1391 Verba
434 1353 529 1391 mihi
562 1352 704 1391 desunt
736 1352 871 1390 eadem
903 1357 980 1390 tam
1013 1364 1127 1402 saepe
1160 1353 1337 1404 roganti,

337 1411 495 1462 Iamque
528 1411 650 1462 pudet
682 1422 798 1449 vanas
830 1411 906 1449 fine
939 1422 1074 1449 carere
1107 1422 1268 1461 preces.

279 1470 421 1508 Taedia
454 1469 647 1508 consimili
678 1469 764 1507 fieri
796 1468 844 1507 de
876 1470 1048 1507 carmine
1080 1467 1216 1520 vobis,

338 1527 519 1578 Quidque
552 1534 711 1579 petam,
744 1532 908 1566 cunctos
941 1526 1146 1566 edidicisse
1178 1539 1291 1566 reor.

239 1595 258 1625 5
280 1587 500 1637 Nostraque
540 1586 633 1637 quid
666 1591 797 1636 portet
834 1587 911 1624 iam
942 1587 1066 1624 nostis
1099 1584 1291 1638 epistula,
1324 1586 1498 1637 quamvis

339 1644 481 1683 Charta
514 1646 565 1683 sit
596 1657 616 1682 a
648 1644 784 1683 vinclis
817 1656 895 1683 non
927 1643 1114 1683 labefacta
1147 1645 1251 1683 suis.

280 1703 382 1752 Ergo
415 1708 590 1741 mutetur
623 1704 761 1753 scripti
793 1704 985 1741 sententia
1018 1703 1166 1753 nostri,

338 1760 394 1799 Ne
427 1762 570 1799 totiens
603 1767 768 1812 contra,
802 1773 918 1810 quam
949 1762 1051 1810 rapit
1082 1761 1235 1811 amnis,
1267 1771 1373 1799 eam.

281 1819 392 1864 Quod
426 1818 524 1857 bene
558 1818 604 1856 de
638 1818 746 1856 vobis
779 1820 960 1869 speravi,
992 1820 1211 1868 ignoscite,
1244 1819 1380 1857 amici:

219 1886 260 1916 10
340 1877 446 1915 Talia
478 1876 665 1928 peccandi
697 1878 773 1915 iam
805 1876 899 1914 mihi
931 1877 1018 1915 finis
1051 1877 1149 1914 erit.

282 1935 360 1974 Nec
393 1937 520 1986 gravis
553 1936 667 1973 uxori
699 1935 834 1974 dicar.
892 1947 990 1985 quae
1023 1934 1172 1973 scilicet
1203 1935 1243 1973 in
1275 1946 1336 1973 me
1425 1942 1498 1976 (100)

342 1994 466 2039 Quam
504 1993 655 2046 proba,
694 1999 773 2032 tam
804 1992 938 2032 timida
970 1999 1059 2044 est,
1097 1994 1380 2044 experiensque

1007 2063 1168 2102 parum.

282 2110 364 2149 Hoc
397 2122 583 2161 quoque,
616 2110 746 2162 Naso,
778 2110 911 2161 feres,
944 2115 983 2148 et
1014 2111 1118 2148 enim
1148 2111 1282 2161 peiora
1314 2109 1460 2149 tulisti.

342 2169 420 2207 lam
454 2169 524 2208 tibi
557 2171 695 2208 sentiri
727 2169 879 2207 sarcina
912 2167 1015 2206 nulla
1047 2173 1200 2219 potest.

222 2234 262 2264 15
284 2226 432 2265 Ductus
464 2227 510 2265 ab
543 2234 719 2266 armento
753 2233 888 2266 taurus
920 2225 1113 2264 detrectat
1143 2231 1339 2278 aratrum,

344 2284 547 2324 Subtrahit
579 2292 618 2324 et
649 2286 747 2324 duro
781 2285 878 2323 colla
909 2284 1059 2323 novella
1090 2285 1204 2334 iugo.

283 2343 391 2395 Nos,
424 2343 567 2394 quibus
600 2344 776 2383 adsuevit
809 2344 930 2382 satum
962 2341 1174 2382 crudeliter
1207 2343 1287 2394 uti,
