1570 2527
190 112 244 155 78
745 111 969 144 TR1sT1UM
984 124 988 127 -

306 222 494 261 Ponticus
526 221 677 272 heroo,
709 219 852 258 Bassus
885 231 1040 271 quoque
1074 219 1203 259 clarus
1234 219 1372 258 iambis

308 280 442 319 Dulcia
475 280 677 318 convictus
710 277 883 317 membra
915 278 1024 316 fuere
1056 279 1155 330 mei3

308 338 357 377 Et
389 339 515 376 tenuit
548 343 701 375 nostras
734 348 967 375 numerosus
1000 335 1185 375 Horatius
1211 348 1349 388 aures,

245 405 289 437 50
311 397 408 435 Dum
441 396 532 434 ferit
563 395 733 433 Ausonia
765 396 935 433 carmina
968 394 1069 433 culta
1102 394 1205 446 lyra.

308 453 519 504 Vergilium
551 453 628 492 vidi
660 459 840 505 tantum3
872 464 944 491 nec
977 464 1105 491 amara
1137 452 1289 491 Tibullo

310 513 481 563 Tempus
514 513 704 550 amicitiae
738 512 812 550 sata
846 510 988 549 dedere
1021 522 1151 549 meae.

312 571 525 609 Successor
558 570 631 608 fuit
662 569 725 608 hic
758 569 827 608 tibi
847 600 858 621 ,
890 568 994 607 Galle
1013 600 1025 620 ,
1056 568 1287 620 Propertius
1318 567 1397 620 illi3

311 629 481 674 Quartus
515 627 561 666 ab
594 628 654 666 his
688 629 790 667 serie
822 628 1009 678 temporis
1041 628 1124 678 ipse
1158 628 1240 666 fui.

247 696 289 727 55
310 687 438 738 thue
472 698 543 738 ego
576 688 771 737 maiores,
805 687 860 724 sie
893 697 953 724 me
987 685 1144 724 coluere
1177 687 1372 737 minoreS,

310 745 486 796 Notaque
519 757 596 783 non
629 745 738 783 tarde
770 744 869 783 facta
902 743 1034 782 Thalia
1067 755 1150 782 mea
1182 749 1264 783 est.

312 804 491 843 Carmina
523 815 612 842 cum
644 804 814 853 primum
847 802 989 853 populo
1022 801 1213 841 iuvenalia
1244 802 1343 853 legi,

311 861 436 900 Barba
468 867 619 900 resecta
653 861 745 899 mihi
777 860 884 899 bisve
917 860 1083 898 semelve
1117 860 1211 899 fuit.

312 920 486 958 Moverat
516 921 717 970 ingenium
749 924 868 957 totam
902 924 1052 957 cantata
1083 930 1154 969 per
1186 917 1330 956 Urbem

251 988 294 1019 60
315 979 479 1017 Nomine
511 989 589 1016 non
623 989 713 1016 vero
745 977 846 1016 dieta
880 976 1047 1015 Corinna
1078 976 1195 1015 mihi.

313 1036 432 1075 Multa
465 1036 621 1087 quidem
654 1037 823 1087 scripsi,
855 1035 923 1073 sed
957 1047 1055 1086 quae
1087 1036 1224 1073 vitiosa
1255 1035 1413 1086 putavi,

316 1094 591 1133 Emendaturis
623 1093 778 1145 ignibus
810 1095 893 1144 ipse
927 1093 1039 1132 dedi.

314 1153 424 1192 Tunc
458 1164 643 1204 quoque,
677 1164 764 1190 cum
798 1152 973 1202 fugerem
992 1183 1003 1204 ,
1036 1151 1222 1203 quaedam
1254 1150 1444 1202 placitura

820 1211 1010 1261 cremavi,

316 1270 441 1308 Iratus
475 1269 604 1308 studio
638 1267 954 1319 carminibusque
988 1269 1109 1306 meis.

252 1336 295 1367 65
316 1328 428 1366 Molle
462 1327 687 1378 Cupidineis
720 1339 791 1365 nec
823 1326 1122 1377 inexpugnabile
1155 1325 1242 1364 telis

317 1385 392 1425 Cor
424 1385 549 1437 mihi,
583 1385 764 1436 quodque
798 1384 892 1424 levis
925 1397 1039 1423 causa
1071 1390 1275 1435 moveret,
1308 1388 1413 1423 erat.

317 1444 414 1483 Cum
447 1449 576 1482 tamen
609 1443 673 1482 hic
706 1455 833 1481 essem
852 1475 863 1494 ,
895 1444 1134 1493 minimoque
1160 1441 1397 1481 accenderer
1428 1443 1532 1494 igni,

317 1502 481 1541 Nomine
514 1501 587 1540 sub
621 1507 755 1540 nostro
789 1500 916 1540 fabula
950 1501 1053 1539 nulla
1086 1501 1181 1540 suit.

316 1561 444 1599 Paene
477 1559 572 1599 mihi
604 1572 726 1611 puero
760 1571 832 1598 nec
864 1559 979 1610 digna
1011 1571 1082 1598 nec
1115 1558 1222 1598 utilis
1255 1570 1353 1597 uxor

255 1628 298 1658 70
318 1619 388 1658 Est
420 1618 535 1670 data,
569 1631 666 1669 quae
700 1624 854 1668 tempus
886 1630 956 1669 per
989 1617 1106 1656 breve
1139 1622 1259 1668 nupta
1291 1617 1386 1656 fuit.

319 1677 377 1716 Illi
410 1678 630 1728 successit,
664 1678 838 1727 quamvis
870 1677 954 1714 sine
987 1676 1150 1714 crimine
1184 1676 1377 1726 coniunx,

319 1735 403 1774 Non
437 1741 566 1773 tamen
598 1735 638 1772 in
671 1739 805 1772 nostro
838 1733 948 1771 firma
981 1733 1111 1772 futura
1143 1738 1253 1771 toro.

319 1793 460 1833 Ultima
480 1825 490 1844 ,
523 1804 621 1844 quae
654 1803 806 1831 mecum
839 1803 948 1830 seros
981 1793 1195 1843 permansit
1226 1793 1265 1830 in
1298 1803 1442 1843 annos,

320 1852 515 1890 Sustinuit
546 1851 715 1889 coniunx
748 1849 871 1888 exulis
904 1861 990 1888 esse
1022 1851 1116 1888 viri.

257 1919 298 1949 75
322 1909 417 1949 Filia
449 1921 510 1948 me
544 1921 627 1948 mea
660 1908 718 1947 bis
750 1909 874 1959 prima
906 1908 1071 1947 fecunda
1103 1909 1282 1959 iuventa,

321 1968 396 2007 Sed
430 1980 507 2006 non
540 1980 586 2006 ex
619 1979 696 2006 uno
731 1968 919 2019 coniuge,
951 1967 1044 2005 fecit
1075 1978 1212 2004 avum.

319 2027 369 2065 Et
399 2028 475 2065 iarn
508 2025 722 2077 complerat
753 2026 905 2075 genitor
938 2037 1007 2063 sua
1039 2025 1114 2063 fata
1133 2056 1144 2076 ,
1177 2035 1393 2075 novemque

321 2085 532 2124 Addiderat
563 2084 699 2123 lustris
731 2083 851 2121 altera
883 2082 1006 2121 lustra
1038 2094 1200 2121 novem.

319 2143 405 2181 Non
438 2142 548 2181 aliter
580 2142 691 2194 ssevi,
725 2153 839 2193 quam
871 2153 931 2179 me
964 2140 1129 2180 fleturus
1161 2139 1385 2192 ademptum

257 2201 388 2241 sollte
421 2202 495 2240 suit
514 2231 522 2240 .
579 2202 692 2240 matri
724 2201 899 2252 proxima
930 2200 1031 2238 iusta
1064 2199 1157 2238 tuli.

319 2259 470 2298 Felices
503 2258 614 2298 ambo
647 2260 955 2310 tempestiveque
988 2257 1155 2309 sepulti,

321 2318 418 2357 Ante
451 2317 553 2356 diem
584 2329 731 2369 poenae
765 2317 869 2369 quod
901 2317 1054 2368 periere
1085 2313 1216 2354 meae!
