1570 2527
210 121 295 162 244
750 122 1003 154 FASTORUM

327 230 464 269 Cetera
496 235 750 281 temptantem
783 229 913 268 cubito
945 230 1171 282 Tirynthius
1203 231 1319 271 heros

240 298 307 328 350
386 288 598 338 Reppulit:
643 301 664 326 e
697 300 847 326 summo
879 289 1023 327 decidit
1054 289 1116 328 ille
1148 296 1259 330 toro.

327 346 389 385 Fit
421 358 540 384 sonus
559 378 569 398 ‚
601 346 782 385 inclamat
815 349 976 385 comites
1009 353 1047 386 et
1078 348 1222 386 lumina
1254 349 1380 399 poscit

385 403 581 443 Maeonis:
624 405 752 443 inlatis
784 405 938 455 ignibus
970 411 1053 443 acta
1084 412 1240 456 patent.

326 462 394 501 Ille
427 465 545 513 gemit
576 463 676 501 lecto
708 465 877 514 graviter
908 463 1083 502 deiectus
1114 464 1161 501 ab
1194 464 1292 515 alto,

386 521 634 571 Membraque
667 521 714 559 de
747 521 843 559 dura
875 523 934 559 vix
969 533 1036 560 sua
1068 521 1168 560 tollit
1199 522 1340 560 humo.

240 587 307 619 355
328 579 444 617 Ridet
475 585 514 617 et
544 579 697 617 Alcides
731 586 769 617 et
801 581 867 630 qui
899 579 1030 618 videre
1062 581 1277 631 iacentem,

384 637 499 676 Ridet
530 643 740 676 amatorem
773 637 877 688 Lyda
908 638 1034 688 puella
1068 649 1205 677 suum.

326 695 441 734 Veste
474 696 571 734 deus
603 696 713 734 lusus
745 696 922 735 fallentes
954 697 1098 735 lumina
1133 702 1258 735 vestes

382 754 467 793 Non
500 760 630 805 amat,
662 760 702 792 et
732 754 858 792 nudos
889 755 935 793 ad
969 767 1037 793 sua
1070 767 1179 793 sacra
1210 760 1342 794 vocat.

326 813 432 851 Adde
465 814 684 863 peregrinis
716 824 852 851 causas
871 845 882 864 ,
914 825 996 852 mea
1028 813 1136 851 Musa
1156 845 1166 864 ,
1199 813 1377 865 Latinas,
1482 821 1538 852 (5ο)

239 879 307 909 360
386 871 506 921 Inque
541 883 610 909 suo
644 877 777 909 noster
808 871 966 922 pulvere
1000 878 1132 910 currat
1164 883 1310 922 equus.

327 928 535 979 Cornipedi
568 929 699 968 Fauno
732 941 842 967 caesa
874 930 920 967 de
953 941 1061 968 more
1093 929 1237 980 capella

386 987 498 1025 Venit
530 987 574 1025 ad
609 989 766 1037 exiguas
785 987 912 1025 »turba
944 994 1075 1026 vocata
1108 988 1248 1039 dapes.

326 1045 502 1095 Dumque
537 1046 760 1084 sacerdotes
793 1046 949 1084 veribus
981 1052 1157 1084 transuta
1189 1046 1345 1096 salignis

386 1104 481 1142 Exta
513 1110 678 1154 parant,
710 1103 856 1141 medias
888 1104 968 1142 sole
1000 1110 1158 1142 tenente
1190 1106 1293 1154 vias,

239 1170 306 1201 365
326 1161 514 1200 Romulus
547 1168 585 1200 et
617 1163 737 1199 frater
769 1162 1051 1212 pastoralisque
1082 1164 1264 1201 iuventus

385 1220 540 1258 Solibus
573 1226 612 1257 et
643 1231 778 1270 campo
811 1232 973 1271 corpora
1006 1220 1109 1258 nuda
1140 1220 1303 1259 dabant.

329 1278 548 1327 [Caestibus
581 1284 620 1316 et
650 1279 784 1316 iaculis
817 1284 856 1316 et
887 1280 1004 1316 misso
1037 1278 1209 1329 pondere
1241 1280 1323 1317 saxi

383 1336 544 1374 Brachia
577 1348 647 1387 per
680 1336 788 1374 lusus
820 1337 1055 1387 experienda
1087 1336 1269 1386 dabantz]

326 1395 463 1433 Pastor
495 1395 542 1433 ab
575 1394 728 1433 excelso
763 1392 852 1445 eper
884 1395 992 1432 devia
1025 1406 1116 1433 rura
1148 1397 1334 1433 iuvencos

239 1462 305 1492 370
384 1453 577 1505 Romule,
608 1452 825 1504 praedones
844 1484 854 1504 ,
887 1458 926 1491 et
956 1453 1075 1492 Reme
1097 1450 1127 1491 l'
1160 1454 1258 1492 dixit
1288 1450 1472 1503 <aguntff

326 1510 501 1561 Longum
535 1518 617 1549 erat
648 1513 812 1549 armari:
857 1510 1020 1550 diversis
1052 1513 1131 1550 exit
1161 1518 1328 1562 uterque

384 1570 566 1608 Partibus
585 1601 595 1621 ‚
628 1581 795 1608 occursu
827 1570 968 1620 praeda
1000 1575 1157 1620 recepta
1189 1569 1321 1608 Remi.

326 1627 377 1666 Ut
407 1628 550 1679 rediit,
584 1628 740 1666 veribus
773 1628 977 1666 stridentia
1009 1628 1178 1666 detrahit
1209 1632 1320 1679 exta,

384 1687 510 1737 Atque
543 1688 595 1724 ait
628 1683 743 1724 ‘baec
776 1692 882 1724 certe
914 1698 991 1724 non
1023 1688 1099 1724 nisi
1130 1688 1254 1725 victor
1286 1682 1421 1724 edet.'

239 1752 305 1783 375
328 1744 434 1782 Dicta
468 1746 586 1794 facit,
618 1744 804 1794 Fabiique
837 1745 980 1783 simul.
1038 1746 1143 1783 venit
1172 1746 1314 1782 inritus
1345 1744 1436 1783 illuc

386 1802 575 1840 Romulus
595 1832 606 1852 ,
638 1808 676 1840 et
707 1813 862 1840 mensas
894 1814 1058 1852 ossaque
1091 1802 1194 1840 nuda
1225 1802 1351 1840 videt.

327 1859 456 1911 Risit,
488 1867 526 1898 et
557 1859 722 1898 indoluit
754 1859 892 1898 Fabios
923 1862 1098 1910 potuisse
1130 1859 1374 1910 Remumque

385 1918 547 1956 Vincere
568 1950 578 1969 ,
610 1917 818 1963 Quintilios
850 1930 927 1956 non
959 1920 1134 1969 potuisse
1166 1929 1280 1957 suos.

326 1976 441 2015 Fama
473 1982 603 2014 manet
634 1977 724 2014 sacti
745 2007 753 2015 .
810 1978 935 2027 posito
969 1977 1155 2014 velamine
1187 1977 1376 2028 currunt,

239 2042 307 2074 380
385 2034 434 2073 Et
465 2046 675 2073 memorem
709 2034 848 2072 samam
881 2034 983 2084 quod
1016 2034 1115 2072 bene
1148 2036 1293 2084 cessit,
1324 2034 1462 2073 habet.

328 2092 505 2131 Forsitan
539 2099 578 2131 et
611 2104 802 2143 quaeras,
835 2105 906 2131 cur
939 2094 989 2131 sit
1020 2093 1128 2131 locus
1160 2092 1223 2130 ille
1257 2092 1469 2143 Lupercal,

387 2151 540 2196 Quaeve
574 2150 675 2189 diem
706 2151 772 2188 tali
807 2152 960 2188 nomine
993 2162 1107 2188 causa
1139 2155 1269 2189 notet.

329 2208 443 2246 Silvia
476 2208 638 2247 Vestalis
671 2209 851 2247 caelestia
883 2210 1029 2247 semina
1062 2214 1174 2259 partu

385 2267 596 2317 Ediderat‚
628 2273 767 2317 patruo
801 2278 919 2317 regna
951 2273 1107 2305 tenente
1141 2278 1234 2305 suo.

241 2332 308 2364 385
328 2324 364 2362 Is
396 2325 505 2363 iubet
536 2326 680 2363 auferri
713 2337 852 2375 parvos
885 2330 924 2362 et
954 2326 993 2362 in
1025 2336 1137 2362 amne
1169 2326 1322 2364 necari.
