1570 2527
574 105 634 137 IV.
661 105 859 138 490—560.
1300 99 1384 141 299

77 225 144 256 525
166 213 256 255 ‘Sic
286 214 387 266 tibi,
421 225 536 265 quam
568 219 717 263 raptam
752 213 929 263 quereris
949 243 960 263 ,
993 212 1044 250 sit
1075 210 1150 249 filia
1183 222 1344 261 sospes,

225 274 349 324 Surge
369 304 379 323 ‚
411 284 484 311 nec
517 273 678 322 exiguae
712 271 868 321 despice
900 276 1003 309 tecta
1035 265 1190 308 casae.'

166 332 238 372 Cui
268 331 340 370 dea
372 328 469 369 ‘duc
490 327 520 369 !’
553 331 681 380 inquit
713 326 845 368 ‘scisti
864 361 873 379 ‚
907 341 982 380 qua
1015 339 1154 378 cogere
1186 324 1367 378 posses3’

226 390 355 442 Seque
387 389 488 428 levat
519 401 640 440 saxo,
673 387 1005 438 subsequiturque
1039 398 1195 425 senem.

166 449 252 489 Dux
284 449 418 488 comiti
451 452 611 499 narrat,
644 459 760 498 quam
792 448 842 485 sit
874 445 948 484 sibi
979 445 1081 484 filius
1114 456 1252 497 aeger,

80 518 147 549 530
227 508 307 547 Nec
341 508 467 557 capiat
498 518 656 545 somnos
687 505 939 556 invigiletque
973 503 1106 542 malis.

168 567 234 606 Illa
266 565 550 617 soporiferum,
582 576 721 616 parvos
753 566 897 602 initura
930 569 1112 614 penates,

229 624 383 675 Colligit
415 625 559 674 agresti
591 623 676 662 lene
709 634 877 674 papaver
908 622 1051 662 humo.

170 684 269 723 Dum
301 683 424 734 legit,
457 682 576 721 oblito
610 682 735 721 fertur
766 686 943 733 gustasse
976 680 1126 732 palato,

228 742 479 793 Longamque
511 740 740 792 imprudens
774 739 988 778 exsoluisse
1021 739 1184 777 famem.

84 810 151 842 535
173 802 279 848 Quae
313 802 402 851 quia
434 801 626 851 principio
659 800 790 849 posuit
821 799 965 836 ieiunia
998 799 1147 843 noctis,

230 860 402 910 Tempus
435 857 579 896 habent
611 862 759 908 mystae
792 857 919 895 sidera
951 857 1031 894 visa
1063 855 1162 894 cibi.

173 918 308 957 Limen
341 922 385 956 ut
416 917 602 966 intravit,
638 915 767 954 luctus
800 915 903 953 videt
935 915 1063 952 omnia
1095 913 1232 965 plena,

230 976 310 1015 lam
342 987 432 1027 spes
463 976 503 1013 in
534 986 658 1026 puero
691 973 796 1012 nulla
828 973 963 1012 salutis
996 978 1101 1011 erat.

173 1035 294 1074 Matre
328 1034 491 1073 salutata
522 1054 568 1060 —
598 1038 724 1072 mater
755 1032 943 1071 Metanira
975 1037 1135 1070 vocatur
1169 1051 1212 1056 -

85 1103 156 1134 540
235 1094 402 1144 Iungere
434 1093 589 1143 dignata
621 1097 681 1130 est
712 1103 755 1130 os
787 1090 938 1142 puerile
971 1102 1065 1128 suo.

175 1152 301 1192 Pallor
334 1151 441 1203 abit,
475 1150 703 1201 subitasque
735 1150 869 1188 vident
899 1151 938 1187 in
972 1160 1136 1200 corpore
1170 1148 1294 1185 vires.

234 1211 382 1250 Tantus
416 1209 575 1248 caelesti
605 1210 712 1247 venit
744 1207 790 1246 ab
824 1219 892 1246 ore
924 1209 1054 1258 vigor.

177 1270 273 1308 Tota
305 1269 444 1307 domus
475 1268 575 1306 laeta
607 1273 694 1306 est:
745 1266 818 1304 hoc
852 1271 938 1317 est,
973 1271 1173 1316 materque
1206 1269 1396 1315 paterque

235 1327 440 1378 Nataque:
491 1332 572 1365 tres
605 1325 660 1364 illi
692 1331 770 1364 tota
805 1326 914 1363 suere
948 1324 1109 1363 domus.

91 1395 158 1428 545
179 1387 268 1426 Mox
299 1385 434 1437 epulas
466 1390 646 1436 ponunt,
679 1384 887 1435 liquefacta
920 1382 1079 1433 coagula
1111 1381 1209 1420 lacte

236 1445 433 1496 Pomaque
466 1450 505 1482 et
535 1446 575 1482 in
608 1444 709 1482 ceris
742 1454 859 1480 aurea
892 1441 1004 1480 mella
1036 1442 1139 1479 suis.

178 1504 358 1543 Abstinet
390 1503 488 1541 alma
520 1502 638 1541 Ceres
657 1533 667 1553 ‚
701 1502 906 1552 somnique
937 1511 1128 1551 papavera
1161 1510 1297 1537 causas

239 1562 311 1601 Dat
343 1561 414 1601 tibi
446 1573 535 1600 cum
567 1560 699 1611 tepido
731 1559 829 1598 lacte
862 1558 1028 1597 hibenda
1047 1589 1058 1610 ,
1090 1570 1212 1609 puer.

179 1621 313 1660 Noctis
347 1626 429 1658 erat
460 1619 632 1658 medium
665 1618 885 1669 placidique
919 1617 1071 1656 silentia
1103 1617 1254 1655 somni:

93 1689 160 1720 550
240 1678 524 1730 Triptolemum
556 1679 705 1728 gremio
740 1677 899 1716 sustulit
930 1676 993 1715 illa
1027 1688 1121 1726 su0,

181 1739 337 1789 Terque
370 1750 485 1776 manu
519 1735 726 1788 permulsit
758 1748 876 1788 eum,
909 1736 983 1773 tria
1016 1735 1187 1773 carmina
1220 1733 1338 1783 dixit,

240 1796 419 1836 Carmina
452 1795 606 1834 mortali
637 1807 716 1833 non
748 1793 954 1833 referenda
988 1805 1108 1846 sono,

182 1855 305 1907 Inque
338 1856 424 1894 foco
457 1866 601 1905 eorpus
633 1854 749 1904 pueri
779 1855 932 1892 vivente
966 1852 1090 1892 favilla

242 1913 412 1965 Obruit,
443 1913 658 1952 humanum
689 1917 831 1963 purget
862 1917 906 1950 ut
937 1913 1038 1961 ignis
1071 1923 1194 1949 onus.

95 1980 163 2012 555
184 1972 392 2011 Excutitur
425 1983 560 2010 somno
594 1970 712 2009 stulte
744 1972 806 2021 pia
838 1975 991 2021 mater,
1025 1975 1064 2007 et
1097 1980 1230 2007 amens

243 2027 368 2076 ‘Quid
401 2030 496 2068 facis
516 2026 558 2068 ‘?'
593 2028 808 2080 exclamat,
842 2027 1093 2079 membraque
1127 2027 1173 2066 ab
1205 2028 1294 2077 igne

915 2088 1038 2137 rapit.

186 2148 257 2188 Cui
289 2148 360 2187 dea
393 2144 509 2186 ‘dum
540 2159 619 2185 non
652 2143 744 2197 es‚'
779 2145 875 2184 dixit
907 2143 1117 2184 ‘scelerata
1150 2145 1282 2183 suisti:

244 2207 363 2245 Inrita
396 2211 572 2245 materno
605 2211 697 2245 sunt
728 2217 814 2244 mea
847 2204 947 2243 dona
978 2209 1109 2243 metu.

187 2265 264 2305 Iste
297 2264 455 2316 quidem
486 2264 662 2304 mortalis
695 2265 799 2303 erit:
844 2263 911 2302 sed
944 2264 1095 2314 primus
1127 2260 1251 2300 arabit

98 2332 166 2363 560
245 2324 295 2363 Et
326 2329 431 2363 seret
462 2330 503 2363 et
534 2323 637 2362 culta
669 2323 842 2374 praemia
873 2321 984 2360 tollet
1015 2317 1179 2360 humo.'
