1570 2527
90 112 176 154 210
634 112 698 144 EX
722 111 878 144 PONTO

267 223 450 273 Exceptis
469 252 479 272 ,
512 221 616 271 siqui
647 231 809 258 munera
839 218 936 270 legis
968 219 1134 258 habent.

147 290 190 321 55
210 281 402 331 Tempora
435 286 584 318 sacrata
616 290 700 317 mea
734 284 826 317 sunt
856 278 978 317 velata
1009 290 1177 330 corona,

270 339 454 378 Publicus
485 339 606 376 invito
640 349 754 388 quam
787 337 894 375 favor
924 338 1120 387 inposuit.

211 397 334 443 Quam
367 402 474 447 grata
506 402 566 435 est
596 397 715 446 igitur
747 395 915 433 Latonae
948 395 1052 433 Delia
1084 393 1223 447 tellus,

270 456 425 494 Erranti
457 460 587 493 tutum
619 466 717 504 quae
750 453 855 492 dedit
886 465 964 492 una
993 453 1145 504 locum,

211 515 305 553 Tam
336 513 432 552 mihi
464 525 552 552 cara
584 513 715 551 Tomis
735 543 745 563 ,
777 512 901 562 patria
935 524 1032 562 quae
1065 511 1156 549 sede
1189 511 1330 560 fugatis

149 582 192 613 60
271 573 442 623 Tempus
474 572 521 610 ad
553 571 627 610 hoc
659 570 770 609 nobis
802 570 955 621 hospita
986 569 1059 608 fida
1091 575 1243 608 manet:

213 631 260 670 Di
291 631 406 669 modo
438 630 654 681 fecissent,
686 628 858 680 placidae
892 640 1000 679 spem
1032 634 1165 679 posset
1195 626 1339 666 habere

270 689 410 741 Pacis,
442 694 481 728 et
512 700 533 727 a
564 688 691 740 gelido
723 688 876 739 longius
908 699 977 726 axe
1009 687 1133 726 foret.

710 816 809 863 XV.

215 925 347 976 Siquis
378 923 504 962 adhuc
536 934 701 973 usquam
734 923 860 960 nostri
891 933 970 960 non
1000 922 1193 960 inmemor
1225 926 1349 972 extat,

275 982 422 1028 Quidve
456 981 651 1032 relegatus
684 980 784 1019 Naso
805 1011 815 1031 ,
846 981 1042 1031 requirit,
1074 991 1207 1030 agam:

215 1040 446 1080 Caesaribus
477 1041 617 1087 vitam,
650 1039 767 1077 Sexto
800 1038 944 1077 dehere
976 1038 1140 1077 salutem

273 1099 332 1138 Me
366 1100 490 1137 sciat.
545 1110 566 1136 a
598 1099 751 1148 superis
783 1097 845 1135 hic
877 1096 973 1135 mihi
1004 1098 1154 1148 primus
1187 1098 1282 1135 erit.

175 1166 194 1197 5
215 1158 408 1209 Tempora
439 1168 527 1195 nam
560 1157 724 1194 miserae
758 1155 994 1206 complectar
1024 1160 1070 1194 ut
1100 1156 1228 1193 omnia
1259 1156 1380 1207 vitae,

274 1217 304 1254 A
337 1216 486 1254 meritis
519 1216 604 1253 eius
635 1226 725 1265 pars
757 1213 852 1252 mihi
883 1213 988 1252 nulla
1018 1219 1150 1252 vacat.

217 1274 322 1320 Quae
355 1285 519 1312 numero
552 1278 610 1311 tot
641 1277 760 1323 sunt,
793 1277 887 1322 quot
919 1273 959 1310 in
990 1271 1104 1310 horto
1137 1271 1277 1311 fertilis
1308 1272 1390 1310 arvi

274 1332 421 1371 Punica
454 1331 526 1370 sub
558 1331 662 1369 lento
695 1332 840 1369 cortice
872 1342 992 1381 grana
1022 1329 1192 1381 rubent3

216 1390 346 1429 Africa
378 1395 474 1441 quot
504 1394 686 1441 segetes,
719 1394 814 1440 quot
844 1388 993 1426 Tmolia
1025 1394 1130 1426 terra
1161 1399 1361 1441 racemos,

156 1458 198 1489 10
277 1448 380 1494 Quot
412 1448 554 1499 Sicyon
585 1447 699 1486 bacas
718 1478 729 1499 ,
762 1452 857 1498 quot
888 1448 990 1497 parit
1021 1446 1141 1498 Hybla
1174 1447 1302 1486 favos.

218 1507 437 1546 Confiteor:
481 1511 628 1546 testere
659 1506 780 1557 licet,
811 1507 960 1556 signate
994 1504 1191 1557 Quirites;
1380 1526 1426 1533 —

277 1566 338 1604 Nil
370 1577 468 1616 opus
501 1570 561 1604 est
591 1564 721 1616 legum
752 1563 900 1602 viribus
918 1595 929 1615 ,
960 1565 1044 1615 ipse
1075 1563 1239 1614 loquor.

217 1624 325 1663 Inter
351 1636 446 1675 opes
478 1629 518 1663 et
542 1635 631 1675 me,
662 1634 819 1674 parvam
850 1634 934 1661 rem
952 1653 963 1673 ,
989 1633 1090 1673 pone
1122 1628 1326 1673 paternas:
1357 1630 1432 1663 (143)

276 1683 372 1721 Pars
404 1694 475 1733 ego
509 1684 580 1720 sim
614 1693 756 1720 census
787 1680 1143 1732 quantulacumque
1175 1682 1258 1720 tui.

158 1750 200 1781 15
222 1741 345 1787 Quam
377 1747 443 1779 tua
474 1740 675 1778 Trinacria
707 1745 766 1778 est
797 1744 1034 1790 regnataque
1066 1745 1172 1777 terra
1201 1738 1404 1791 Philippo,

279 1799 403 1844 Quam
435 1798 575 1837 domus
605 1798 780 1848 Augusto
813 1799 1036 1836 continuata
1067 1797 1176 1848 foro,

219 1857 343 1903 Quam
374 1863 440 1896 tua
463 1888 474 1909 ,
511 1869 580 1895 rus
621 1856 744 1895 oculis
776 1855 950 1907 domini,
982 1855 1218 1908 Campania,
1255 1860 1433 1908 gratum,

279 1916 464 1967 Quaeque
496 1915 632 1954 relicta
663 1914 762 1966 tibi,
795 1913 911 1953 Sexte
930 1945 941 1966 ,
972 1913 1031 1952 vel
1064 1919 1191 1964 empta
1222 1919 1357 1953 tenes:

219 1974 313 2013 Tam
345 1980 438 2013 tuus
470 1985 518 2012 en
550 1985 621 2024 ego
654 1985 769 2025 sum,
807 1974 918 2011 cuius
950 1977 988 2011 te
1020 1984 1182 2011 munere
1214 1974 1318 2011 tristi

159 2041 202 2072 20
281 2033 367 2071 Non
397 2038 510 2084 potes
540 2033 581 2071 in
612 2031 735 2070 Ponto
768 2031 898 2070 dicere
930 2030 1074 2069 habere
1106 2030 1224 2069 nihil.

221 2091 350 2142 Atque
381 2092 531 2130 utinam
561 2092 689 2142 possis
707 2122 719 2143 ,
750 2095 790 2130 et
820 2089 935 2128 detur
967 2090 1129 2128 amicius
1160 2100 1317 2137 arvum,

280 2149 456 2201 Remque
487 2154 594 2188 tuam
626 2161 746 2200 ponas
777 2150 818 2188 in
849 2147 1010 2186 meliore
1040 2146 1148 2186 loco!

222 2206 333 2252 Quod
366 2209 550 2259 quoniam
580 2209 620 2247 in
652 2207 712 2246 dis
742 2212 830 2259 est,
861 2211 1007 2257 tempta
1037 2205 1160 2244 lenire
1191 2204 1387 2257 precando

287 2265 484 2319 Numina,
515 2272 705 2318 perpetua
737 2278 835 2317 quae
867 2266 1010 2316 pietate
1044 2266 1151 2303 cois.

160 2333 202 2363 25
223 2323 411 2363 Maeroris
443 2336 533 2364 nam
564 2330 607 2364 tu
625 2355 637 2377 ,
668 2325 730 2364 vix
762 2329 822 2363 est
852 2323 1100 2375 discernere,
1131 2324 1256 2362 nostri
