1570 2527
189 143 274 184 310
729 144 982 177 FASTORUM

364 252 524 291 Obstitit
555 253 595 290 in
628 252 752 290 media
785 252 945 291 candida
978 252 1091 292 turba
1123 255 1181 291 via
1201 283 1222 292 .-

307 310 463 348 Flamen
494 312 534 348 in
567 311 747 360 antiquae
780 310 910 349 lucum
944 310 1144 361 Robiginis
1177 311 1278 362 ibat,

362 369 459 407 Exta
491 370 597 407 canis
630 368 793 407 flammis
813 400 823 419 ,
856 375 940 407 exta
974 370 1136 408 daturus
1168 373 1272 408 ovis.

305 427 489 465 Protinus
522 429 697 477 accessi,
729 428 829 466 ritus
862 439 910 466 ne
944 430 1098 466 nescius
1132 440 1279 466 essem.

217 494 284 525 910
363 485 494 524 Edidit
524 485 620 524 haec
651 486 789 524 flamen
823 485 939 524 verba
958 517 968 536 ,
1001 486 1163 530 Quirine
1183 518 1193 537 ,
1227 493 1338 526 tuus:

304 541 466 594 ‘Aspera
498 543 676 594 Robigo,
709 556 845 594 parcas
879 544 1093 582 Cerialibus
1126 544 1280 596 herbis,

363 601 413 641 Et
443 607 585 641 tremat
616 604 654 640 in
689 613 839 641 summa
871 602 952 641 leve
986 615 1172 641 cacumen
1204 603 1342 641 humo.

305 661 364 700 Tu
396 666 477 699 sata
510 660 704 699 sideribus
737 660 831 699 caeli
864 662 1009 699 nutrita
1043 661 1205 699 secundi

364 719 551 758 Crescere
572 751 582 769 ‚
614 719 706 757 dum
738 719 830 757 fiant
863 719 1026 758 falcibus
1058 725 1174 771 apta,
1208 721 1333 758 sinas.

218 787 284 817 915
308 778 370 816 Vis
404 784 468 816 tua
501 790 577 816 non
611 777 704 816 levis
738 785 819 816 est:
864 790 961 829 quae
995 785 1036 816 tu
1070 778 1263 817 frumenta
1296 779 1461 825 notasti,

364 836 535 875 Maestus
567 838 606 874 in
640 837 791 874 amissis
823 836 886 874 illa
918 836 1080 875 colonus
1111 837 1250 875 habet.

307 895 386 933 Nec
419 897 523 933 venti
555 900 705 933 tantum
739 895 873 933 Cereri
905 907 1075 933 nocuere
1094 927 1104 946 ,
1137 907 1209 934 nec
1241 894 1409 946 imbres,

365 953 443 991 Nec
476 955 531 991 sic
564 965 781 991 marmoreo
814 952 930 1004 pallet
963 954 1097 992 adusta
1129 953 1240 1004 gelu,

306 1012 533 1062 Quantum,
566 1013 598 1050 si
630 1011 779 1050 culmos
811 1011 922 1050 Titan
956 1012 1150 1050 incalfacit
1182 1012 1301 1050 udos.

219 1079 285 1109 920
365 1070 475 1109 Tunc
507 1070 616 1108 locus
648 1077 707 1108 est
739 1072 818 1108 irae
838 1101 848 1120 ,
881 1070 964 1108 diva
997 1070 1196 1121 timenda,
1229 1077 1341 1109 tuae.

306 1129 453 1179 Parce,
486 1140 626 1179 precor
645 1160 655 1179 ,
688 1128 923 1179 scabrasque
950 1140 1087 1166 manus
1120 1141 1139 1166 a
1166 1128 1359 1167 messibus
1392 1129 1500 1168 aufer

366 1187 468 1225 Neve
502 1198 597 1225 noce
632 1186 775 1237 cultis;
808 1198 922 1237 posse
955 1198 1097 1225 nocere
1130 1192 1188 1225 sat
1220 1192 1300 1225 est.

308 1246 386 1284 Nec
419 1252 573 1283 teneras
607 1251 758 1295 segetes
778 1276 788 1295 ,
821 1245 887 1283 sed
915 1245 1056 1283 durum
1083 1245 1319 1296 amplectere
1352 1246 1498 1284 ferrum

366 1303 556 1353 Quodque
589 1309 719 1354 potest
750 1302 844 1341 alios
876 1303 1040 1354 perdere
1060 1335 1070 1354 ‚
1102 1304 1221 1354 perde
1254 1305 1384 1355 prior.

219 1371 285 1402 925
308 1362 446 1400 Utilius
478 1361 625 1412 gladios
659 1368 696 1400 et
728 1361 803 1400 tela
836 1364 1013 1400 nocentia
1047 1373 1206 1413 carpes3

365 1421 426 1459 Nil
459 1433 556 1470 opus
590 1426 649 1459 est
681 1420 755 1458 illis
775 1451 785 1471 ,
819 1422 894 1458 otia
927 1420 1097 1458 mundus
1129 1422 1228 1471 agit.

309 1479 467 1518 Sarcula
500 1491 602 1517 nunc
636 1478 836 1529 durusque
869 1479 1006 1517 bidens
1039 1485 1078 1517 et
1108 1491 1241 1517 vomer
1273 1478 1470 1530 aduncus,

365 1538 482 1576 Ruris
515 1549 608 1588 opes
628 1569 637 1587 ,
671 1539 847 1588 niteant3
879 1539 1058 1587 inquinet
1088 1549 1193 1575 arma
1226 1538 1346 1576 situs.

308 1596 556 1646 Conatusque
589 1595 728 1646 aliquis
762 1597 896 1646 vagina
928 1595 1073 1634 ducere
1106 1596 1277 1645 serrum,

220 1663 287 1694 930
367 1656 578 1693 Astrictum
611 1655 723 1704 longa
756 1656 898 1693 sentiat
928 1666 1015 1692 esse
1047 1666 1176 1692 mora.

308 1714 354 1751 At
387 1719 429 1752 tu
462 1725 510 1751 ne
542 1712 639 1751 viola
673 1712 885 1751 Cererem!
930 1724 1162 1763 semperque
1195 1712 1355 1752 colonus

367 1770 527 1809 Absenti
560 1773 680 1821 possit
715 1770 863 1809 solvere
896 1776 981 1809 vota
1014 1767 1127 1809 tibi.'

309 1829 492 1867 Dixerat:
538 1841 557 1866 a
590 1828 725 1866 dextra
757 1828 855 1866 villis
889 1828 1054 1866 mantele
1088 1828 1224 1866 solutis

367 1888 542 1938 Cumque
575 1888 673 1925 meri
705 1892 836 1937 patera
869 1888 968 1925 turis
1001 1898 1133 1924 acerra
1167 1887 1260 1925 suit.

222 1955 287 1986 935
308 1946 411 1985 Tura
446 1946 541 1984 focis
574 1947 785 1995 vinumque
818 1945 953 1996 dedit,
986 1944 1180 1995 fibrasque
1213 1945 1406 1997 bidentis,

367 2005 591 2055 Turpiaque
624 2003 815 2042 obscenae
847 2026 891 2030 —
924 2004 1090 2042 vidimus
1122 2025 1165 2029 —
1199 2009 1285 2042 exta
1318 2005 1446 2042 canis.

308 2063 407 2102 Tum
435 2062 529 2101 mihi
549 2059 636 2101 ‘cur
656 2062 770 2101 detur
792 2063 911 2100 sacris
937 2074 1034 2100 nova
1055 2063 1230 2113 victima,
1252 2064 1407 2112 quaeris
1421 2059 1460 2101 ?'
1482 2084 1521 2088 —-

368 2122 619 2167 Quaesieram
653 2143 694 2146 —
729 2117 905 2159 ‘causam
937 2117 1116 2171 percipe'
1148 2120 1287 2158 flamen
1320 2122 1394 2159 ait.

310 2177 397 2218 ‘Est
433 2179 546 2218 Canis
566 2211 576 2230 ,
608 2179 773 2217 Icarium
807 2179 970 2230 dicunt,
1002 2190 1078 2229 quo
1112 2179 1239 2217 sidere
1272 2184 1376 2217 moto

222 2246 287 2277 940
367 2238 485 2276 Tosta
517 2239 598 2276 sitit
631 2237 745 2276 tellus
763 2268 774 2288 ,
806 2238 1122 2288 praecipiturque
1155 2248 1290 2287 seges.

309 2296 384 2334 Pro
417 2308 510 2334 cane
545 2296 697 2334 sidereo
730 2297 836 2334 canis
869 2295 931 2334 hic
963 2297 1175 2346 imponitur
1207 2307 1318 2346 arae,

369 2353 415 2392 Et
449 2366 567 2405 quare
601 2360 764 2405 pereat,
797 2353 850 2392 nil
882 2354 956 2392 nisi
988 2365 1129 2391 nomen
1161 2351 1320 2392 habet.'
