1570 2527
556 147 613 180 vr.
643 148 837 179 ese-748.
1281 145 1364 186 353

364 258 430 299 16.
463 256 541 299 GC
607 259 670 299 17.
703 256 786 299 HC
851 258 916 300 18.
948 256 1029 300 AO

143 338 191 376 At
222 341 332 388 pater
364 335 568 374 Heliadum
600 336 729 374 radios
762 336 830 375 ubi
861 338 1022 375 tinxerit
1053 336 1192 388 undis,

202 395 252 434 Et
284 396 414 445 cinget
445 396 620 445 geminos
653 394 762 433 stella
795 407 933 433 serena
965 395 1098 447 polos,

143 453 270 492 Tollet
300 453 419 492 humo
452 453 597 491 validos
629 453 760 504 proles
792 453 934 504 HyrIea
966 453 1156 492 lacertos.

56 521 124 552 720
204 511 395 551 continua
427 511 593 562 Delphin
626 518 739 551 nocte
773 511 963 550 videndus
997 514 1094 551 erit.

608 598 671 638 19.
703 596 781 639 BC

144 675 301 715 Scilicet
332 676 395 714 hic
428 676 519 714 olim
551 675 709 715 Volscos
742 676 977 727 Aequosque
1010 676 1161 727 fugatos
1290 686 1363 717 (223)

203 733 360 773 Viderat
391 736 431 772 in
463 736 609 786 campis
628 766 639 787 ,
671 734 806 785 Algida
838 740 971 787 terra,
1004 737 1104 774 tuis:

142 792 251 831 Unde
284 792 510 831 suburbano
544 793 701 845 clarus,
733 793 936 845 Tuberte,
969 793 1168 844 triumpho

201 850 344 890 Vectus
377 863 418 890 es
451 853 490 890 in
523 853 675 903 niveis,
707 851 891 890 Postume
911 884 921 904 ‚
953 854 1077 891 victor
1110 854 1244 903 equis.

56 917 122 948 725
143 909 221 948 Iam
253 922 322 948 sex
355 915 393 948 et
424 910 585 948 totidem
620 910 727 948 luces
760 910 807 948 de
840 923 974 949 mense
1007 916 1243 963 supersunt,

201 967 300 1006 Huic
332 980 454 1006 unum
488 980 650 1006 numero
683 974 726 1007 tu
758 974 887 1007 tamen
919 968 1016 1007 adde
1049 969 1173 1008 diem.

143 1025 208 1064 Sol
240 1025 319 1064 abit
350 1038 370 1064 a
403 1025 605 1078 GeminiS‚
638 1033 676 1066 et
708 1026 848 1066 Cancri
879 1029 989 1078 signa
1021 1027 1261 1067 rubescunt:

203 1083 340 1135 Coepit
370 1084 559 1123 Aventina
590 1085 714 1124 Pallas
746 1087 785 1124 in
819 1098 907 1124 arce
940 1086 1036 1125 coli.

607 1171 673 1212 20,
706 1169 780 1212 CC

142 1248 220 1286 Iam
255 1254 349 1300 tua,
381 1248 602 1287 Laomedon
621 1279 632 1300 ‚
664 1250 790 1287 oritur
822 1261 976 1301 nurus,
1011 1256 1172 1301 ortaque
1206 1256 1359 1289 noctem

54 1314 120 1345 730
200 1306 311 1346 Pellit
329 1338 339 1358 ‚
374 1313 412 1346 et
444 1319 464 1345 e
497 1308 619 1358 pratis
651 1306 725 1346 uda
758 1309 898 1358 pruina
930 1308 1051 1359 fugit:

141 1365 328 1417 Reddita,
361 1367 539 1416 quisquis
565 1367 598 1404 is
626 1371 708 1417 est,
742 1366 952 1405 Summano
985 1366 1128 1417 templa
1155 1367 1359 1419 feruntur,

201 1423 330 1475 Tum,
364 1436 453 1462 cum
485 1424 669 1462 Romanis
688 1456 698 1475 ‚
730 1424 879 1475 Pyrrhe
898 1457 909 1477 ‚
941 1425 1139 1464 timendus
1172 1437 1280 1464 eras.

141 1480 249 1520 Hanc
282 1494 439 1533 quoque
466 1495 555 1521 cum
586 1484 723 1534 patriis
756 1482 910 1522 Galatea
942 1485 1137 1534 receperit
1168 1484 1306 1535 undis,

198 1540 395 1591 Plenaque
429 1552 590 1579 securae
623 1546 727 1580 terra
760 1543 903 1592 quietis
935 1543 1032 1594 erit,

53 1607 120 1637 735
143 1598 277 1649 Surgit
308 1599 427 1637 humo
462 1601 611 1638 iuvenis
644 1599 731 1638 telis
764 1599 916 1639 afflatus
948 1602 1082 1652 avitis,

197 1656 247 1696 Et
278 1659 432 1708 gemino
464 1670 584 1696 nexas
615 1659 781 1709 porrigit
811 1671 936 1710 angue
968 1671 1127 1698 manus.

138 1715 263 1754 Notus
296 1727 403 1754 amor
435 1715 634 1755 Phaedrae
653 1748 663 1768 ‚
696 1722 787 1755 nota
819 1722 880 1756 est
909 1715 1052 1756 iniuria
1084 1717 1248 1757 Thesei:

197 1773 357 1812 Devovit
388 1780 522 1813 natum
555 1775 738 1814 credulus
769 1774 834 1814 ille
866 1788 1003 1815 suuni.

139 1831 242 1882 [Non
273 1834 432 1883 impune
464 1834 552 1884 pius
584 1835 736 1872 iuvenis
768 1833 967 1874 Troezena
997 1834 1181 1886 petebat:

50 1898 117 1929 740
197 1890 340 1929 Dividit
371 1890 571 1930 obstantes
603 1894 763 1942 pectore
795 1898 933 1932 taurus
966 1905 1086 1944 aquas
1101 1893 1127 1943 .]

140 1948 304 1987 Solliciti
335 1954 537 1988 terrentur
570 1951 690 2002 equi,
722 1951 947 2002 frustraque
979 1954 1122 1990 retenti

198 2006 273 2044 Per
305 2006 487 2057 scopulos
521 2007 722 2046 dominum
755 2008 930 2060 duraque
963 2022 1053 2049 saxa
1085 2010 1267 2050 trahunt.

137 2064 344 2104 Exciderat
377 2077 526 2117 curru,
558 2066 730 2117 lorisque
762 2067 1004 2107 morantibus
1037 2074 1145 2107 artus

196 2122 427 2175 Hippolytus
460 2124 587 2163 lacero
621 2137 786 2176 corpore
817 2133 952 2178 raptus
986 2133 1090 2180 erat,

51 2188 116 2219 745
137 2180 452 2234 Reddideratque
474 2185 638 2222 animam
654 2215 664 2235 ‚
685 2184 852 2224 multum
871 2185 1097 2237 indignante
1119 2185 1257 2225 Diana.
1279 2194 1354 2226 (224)

197 2237 349 2279 ‘Nulla'
384 2241 598 2281 Coronides
631 2239 768 2282 ecausa
801 2242 966 2283 doloris'
999 2247 1073 2284 ait:

138 2294 333 2350 eNamque
364 2301 428 2351 pio
461 2302 592 2339 iuveni
623 2302 738 2340 vitam
771 2304 855 2342 sine
888 2303 1045 2342 volnere
1077 2304 1260 2356 reddam,

195 2355 245 2395 Et
276 2358 415 2398 cedent
447 2361 522 2398 arti
553 2361 679 2398 tristia
712 2361 786 2400 fata
819 2358 972 2401 meae.'

90 2426 196 2454 orn).
233 2429 292 2455 m.
1100 2432 1143 2463 23
