1570 2527
501 139 562 173 IV.
587 147 620 172 Π
641 141 782 172 73—111
803 140 858 173 69.
1295 135 1348 176 67

125 246 269 286 Tristis
299 259 341 286 es
361 244 383 286 ⁴?
432 246 614 297 indignor
633 277 644 298 ,
682 246 786 297 quod
820 248 892 285 sim
924 245 995 285 tibi
1034 258 1150 285 causa
1183 245 1351 285 doloris:

126 305 212 344 Non
245 317 287 344 es
307 303 328 344 ἱ)
379 312 446 357 at,
479 306 620 344 amisso
653 306 818 356 coniuge
852 305 996 358 digna,
1028 305 1156 344 fores.

64 371 108 403 35
129 363 188 403 Tu
220 376 313 402 vero
346 369 412 402 tua
444 363 583 402 damna
615 363 701 402 dole
720 394 731 415 ‚
763 365 967 402 mitissima
1000 365 1193 414 conium,

127 422 299 474 Tempus
332 427 371 461 et
402 434 423 461 a
455 423 602 461 nostris
636 423 745 473 exige
778 424 890 461 triste
922 422 1056 475 malis,

128 480 276 532 Fleque
307 492 417 519 meos
450 480 586 520 casus!
644 487 704 520 est
736 481 924 532 quaedam
956 481 1051 520 flere
1084 480 1283 531 voluptas:

126 538 316 591 Expletur
348 539 520 578 lacrimis
552 541 805 591 egeriturque
839 539 972 578 dolor.

128 598 255 649 Atque
288 599 436 636 utinam
468 597 635 649 lugenda
667 597 739 637 tibi
770 610 849 637 non
882 599 985 650 vita,
1019 598 1087 637 sed
1119 602 1225 637 esset

63 663 107 695 40
128 656 231 695 Mors
264 668 349 695 mea
368 688 378 708 ‚
410 662 536 695 morte
569 657 674 695 fores
707 656 786 695 sola
818 657 954 696 relicta
986 656 1095 695 mea!

131 714 301 766 Spiritus
333 715 397 754 hic
429 727 501 766 per
533 720 570 754 te
602 716 748 766 patrias
782 717 927 754 exisset
957 717 998 754 in
1031 727 1168 766 auraS‚

131 773 377 824 Sparsissent
406 772 590 812 lacrimae
623 785 787 824 corpora
820 780 953 812 nostra
985 775 1096 825 piae,

132 831 404 883 Supremoque
438 831 500 870 die
533 836 670 870 notum
703 833 919 883 spectantia
952 832 1102 870 caelum

130 889 339 929 Texissent
370 890 481 941 digiti
512 889 659 930 lumina
691 895 825 929 nostra
856 891 937 929 tui.

65 956 110 987 45
130 947 181 987 Et
212 949 311 987 cinis
343 950 383 987 in
416 948 567 988 tumulo
599 950 752 1000 positus
784 950 970 988 iacuisset
1002 950 1127 1000 avito,

131 1006 328 1058 Tactaque
361 1009 539 1046 nascenti
572 1020 714 1059 corpus
746 1007 911 1046 haberet
941 1007 1110 1058 l1umus3

131 1065 308 1117 Denique
327 1097 338 1118 ‚
370 1071 415 1105 ut
446 1072 484 1105 et
516 1067 622 1119 vixi,
658 1068 742 1105 sine
775 1067 938 1105 crimine
970 1072 1150 1104 mortuus
1183 1076 1334 1104 essem.

131 1124 244 1163 Nunc
276 1136 362 1164 mea
394 1125 586 1177 supplicio
619 1126 695 1164 vita
726 1125 907 1176 pudenda
941 1136 1011 1164 suo
1046 1130 1127 1163 est.

132 1183 192 1221 Me
225 1184 411 1222 miserum
431 1215 442 1236 ‚
473 1185 507 1223 si
539 1189 611 1235 tu,
643 1196 733 1222 cum
766 1184 909 1223 diceris
942 1182 1066 1223 exulis
1100 1194 1222 1233 uxor,

69 1250 112 1280 50
134 1241 288 1280 Avertis
320 1241 450 1281 vultus
484 1248 523 1281 et
555 1242 660 1281 subit
692 1254 760 1281 ora
792 1241 937 1281 rubor!

132 1299 194 1338 Me
225 1301 414 1339 miserum
433 1331 444 1352 ‚
476 1302 510 1340 si
542 1306 656 1352 turpe
690 1306 804 1352 putas
836 1301 931 1340 mihi
965 1306 1087 1351 nupta
1118 1298 1264 1338 videri!

133 1357 194 1397 Me
227 1360 446 1411 miserum,
479 1360 512 1398 si
544 1365 582 1399 te
614 1361 690 1399 iam
722 1360 845 1412 pudet
877 1371 962 1398 esse
997 1357 1145 1397 meam!

134 1416 307 1468 Tempus
339 1417 407 1456 ubi
440 1423 500 1457 cst
531 1417 626 1457 illud
646 1450 656 1470 ,
689 1430 766 1469 quo
799 1423 838 1457 te
870 1420 1014 1457 iactare
1048 1416 1200 1455 solebas

134 1474 308 1526 Coniuge
327 1507 338 1528 ‚
370 1488 443 1514 nec
476 1488 619 1515 nomen
652 1476 897 1515 dissimulare
924 1473 1031 1515 viri?

69 1542 113 1573 55
135 1534 308 1585 Tempus
334 1533 402 1573 ubi
429 1540 488 1574 est
507 1566 518 1587 ,
551 1547 627 1586 quo
649 1540 687 1574 te
706 1557 754 1563 —
779 1537 855 1574 nisi
881 1547 960 1573 non
987 1535 1044 1573 vis
1071 1533 1134 1572 illa
1160 1532 1362 1572 referri—

134 1592 185 1632 Et
216 1592 324 1645 diei,
356 1595 545 1645 memini,
578 1595 677 1633 iuvit
709 1599 748 1633 et
780 1606 867 1633 esse
899 1589 1061 1632 meam?

135 1650 264 1702 thue
296 1651 419 1703 proba
451 1652 613 1703 dignum
646 1658 729 1705 est,
767 1653 874 1691 omni
909 1651 979 1691 tibi
1014 1651 1104 1690 dote
1137 1649 1358 1702 placebam:

138 1709 314 1749 Addebat
346 1711 448 1749 veris
481 1710 603 1750 multa
634 1711 800 1750 faventis
833 1723 967 1750 amor.

135 1768 216 1807 Nec
235 1800 246 1821 ,
273 1781 389 1820 quem
409 1770 631 1821 praeferres
648 1792 694 1798 —
718 1771 772 1809 ita
797 1782 862 1809 res
889 1769 959 1809 tibi
980 1780 1116 1820 magna
1142 1767 1301 1807 videbar
1318 1789 1363 1794 -

73 1836 115 1867 60
138 1827 343 1879 Quemque
376 1833 489 1867 tuum
521 1828 655 1868 malles
687 1838 774 1868 esse
793 1860 804 1881 ‚
837 1829 895 1867 vir
928 1827 1025 1867 alter
1058 1833 1165 1867 erat.

136 1885 249 1925 Nunc
270 1899 426 1938 quoque
447 1899 495 1926 ne
517 1887 682 1941 pudeat,
703 1888 808 1939 quod
829 1889 882 1926 sis
902 1886 998 1925 mihi
1019 1892 1162 1939 nupta3
1192 1892 1363 1936 tuusque

137 1944 223 1984 Non
256 1945 373 1984 debet
405 1945 515 1985 dolor
546 1945 637 1985 hinc
657 1978 668 2000 ‚
700 1946 818 1985 debet
849 1945 985 1985 abesse
1017 1945 1169 1996 pudor.

139 2003 236 2042 Cum
269 2004 412 2043 cecidit
444 2004 647 2056 Capaneus
680 2005 810 2044 subito
844 2005 1078 2044 temerarius
1110 2005 1217 2055 ictu,

138 2061 240 2101 Num
272 2062 369 2114 legis
401 2062 590 2103 Euadnen
623 2064 829 2103 erubuisse
863 2060 981 2101 viro?

77 2129 119 2161 65
140 2120 220 2160 Nec
253 2124 343 2172 quia
377 2134 445 2161 rex
477 2122 613 2161 mundi
646 2123 889 2174 compescuit
920 2120 1078 2172 ignibus
1111 2121 1247 2172 ignes,

137 2179 226 2231 Ipse
259 2181 340 2219 suis
372 2180 574 2220 Phaethon
605 2181 831 2221 infitiandus
865 2185 971 2231 erat3

139 2238 220 2277 Nec
253 2238 405 2278 Semele
439 2239 583 2279 Cadmo
616 2241 717 2279 sacta
750 2245 810 2278 est
841 2238 966 2278 aliena
997 2239 1174 2290 parenti,

141 2297 253 2342 Quod
285 2298 470 2349 precibus
503 2300 620 2350 periit
653 2298 856 2337 ambitiosa
889 2298 993 2336 suis.

140 2355 221 2394 Nec
254 2356 352 2409 tibi,
385 2357 488 2408 quod
523 2360 647 2396 saevis
686 2369 756 2408 ego
798 2369 883 2396 sum
917 2355 1019 2395 Iovis
1050 2355 1208 2408 ignibus
1239 2357 1358 2403 ictus)

1106 2425 1154 2457 5²5
