1570 2527
218 105 270 146 18
772 104 996 136 TRISTIUM

334 213 441 258 Quae
474 212 588 251 simul
619 211 779 250 inducta
810 210 914 249 nube
946 215 1132 261 teguntur
1151 241 1161 261 ,
1193 210 1294 249 abit.

273 279 314 311 15
336 271 440 319 Haec
472 282 612 321 precor
646 274 689 307 ut
720 281 874 319 semper
906 270 1058 319 possint
1089 268 1160 307 tibi
1192 268 1285 307 falsa
1318 268 1463 321 videri3

335 329 434 367 Sunt
466 334 595 366 tamen
629 333 770 365 eventu
803 339 893 365 vera
925 326 1078 365 fatenda
1111 338 1220 365 meo.

334 387 433 425 Dum
467 387 646 424 stetimus
665 416 676 436 ,
707 384 846 423 turbae
883 390 1071 435 quantum
1104 386 1196 423 satis
1224 389 1358 436 esset,
1385 383 1554 423 habebat

334 445 432 483 Nota
465 443 653 493 quidem,
685 442 752 481 sed
785 454 863 480 non
897 442 1099 480 ambitiosa
1131 442 1292 481 domus.

335 503 383 541 At
415 501 530 540 simul
561 501 727 551 impulsa
760 506 848 551 est,
881 512 1016 538 omnes
1048 501 1215 538 timuere
1246 501 1399 539 ruinam

270 569 315 600 20
335 561 534 610 Cautaque
567 560 764 597 communi
796 563 905 607 terga
938 557 1079 595 dedere
1112 558 1236 608 fugae.

337 618 456 656 Saeva
489 629 616 667 neque
651 616 820 654 admiror
852 620 1032 654 metuunt
1063 617 1097 653 si
1129 615 1289 654 fulmina
1311 647 1323 668 ‚
1356 628 1522 667 quorum

334 675 493 726 Ignibus
526 675 661 713 adflari
691 675 866 725 proxima
900 685 1077 724 quaeque
1110 673 1258 713 solent.

338 733 413 772 Sed
446 740 576 772 tamen
608 735 648 771 in
681 732 789 770 duris
821 737 1088 770 remanentem
1120 731 1239 770 rebus
1271 734 1438 772 amicum

335 791 556 838 Quamlibet
588 791 711 829 inviso
744 789 884 828 Caesar
916 791 955 828 in
981 789 1093 828 hoste
1125 789 1288 842 probat,

271 859 314 890 25
334 850 415 888 Nec
447 849 546 888 solet
577 850 722 899 irasci,
749 869 803 875 —
825 859 951 898 neque
979 849 1081 885 enim
1108 848 1347 887 moderatior
1378 848 1475 888 alter
1495 871 1549 876 —

335 907 431 947 Cum
465 908 551 957 quis
583 908 622 944 in
655 906 826 944 adversis
848 936 859 956 ,
892 906 1019 956 siquid
1053 907 1220 958 amavit,
1252 912 1374 946 amat.

336 965 389 1004 De
422 967 563 1004 comite
596 963 765 1014 Argolici
796 969 1003 1014 postquam
1035 966 1216 1013 cognovit
1247 964 1398 1005 Orestis
1409 995 1422 1018 ,

334 1023 523 1062 Narratur
554 1022 723 1073 Pyladen
755 1024 838 1071 ipse
870 1021 1056 1072 probasse
1090 1021 1240 1061 Thoas.

336 1082 444 1127 Quae
476 1082 551 1119 suit
582 1080 785 1119 Actoridae
819 1092 908 1118 cum
941 1092 1078 1130 magno
1112 1092 1267 1131 semper
1298 1081 1469 1133 Achille,

271 1148 314 1179 30
335 1139 502 1178 Laudari
535 1138 646 1176 solita
679 1144 738 1176 est
769 1137 950 1176 Hectoris
983 1150 1062 1176 ore.
1082 1138 1200 1178 fides.

335 1197 445 1243 Quod
478 1198 565 1247 pius
598 1196 644 1234 ad
676 1208 809 1234 manes
841 1196 1016 1234 Theseus
1049 1208 1179 1235 comes
1210 1198 1286 1236 iret
1317 1199 1464 1250 amico,

334 1256 564 1294 Tartareum
597 1255 731 1293 dicunt
762 1254 974 1292 indoluisse
1008 1254 1146 1293 deum.

334 1313 492 1364 Euryali
524 1312 684 1363 Nisique
717 1313 790 1350 fide
823 1311 922 1363 tibi,
955 1312 1116 1364 Turne,
1149 1312 1269 1352 relata

335 1370 528 1409 Credibile
562 1376 621 1409 est
652 1370 820 1408 lacrimis
852 1370 1090 1409 inmaduisse
1121 1382 1262 1421 genas.

272 1438 315 1468 35
337 1429 528 1467 Praestita
560 1440 648 1466 nam
681 1430 833 1466 miseris
866 1430 989 1478 pietas
1025 1434 1063 1466 et
1094 1430 1134 1466 in
1165 1428 1276 1468 hoste
1308 1429 1520 1480 probatur.

334 1486 381 1525 Ei
414 1486 536 1538 mihi,
569 1498 683 1537 quam
715 1498 860 1537 paucos
892 1486 987 1524 haec
1019 1498 1103 1525 mea
1135 1486 1236 1525 dicta
1268 1488 1446 1527 movent!

334 1544 371 1583 Is
404 1550 526 1583 status
546 1576 557 1595 ,
589 1544 682 1582 haec
714 1556 848 1582 rerum
880 1556 984 1582 nunc
1017 1550 1076 1582 est
1106 1544 1262 1583 fortuna
1293 1557 1492 1598 mearum,

335 1602 481 1641 Debeat
512 1608 555 1641 ut
587 1602 756 1640 lacrimis
788 1602 919 1640 nullus
951 1602 1086 1641 adesse
1118 1603 1279 1642 modus.

335 1661 383 1698 At
413 1672 499 1698 mea
531 1666 651 1711 sunt,
682 1661 841 1710 proprio
875 1662 1048 1710 quamvis
1079 1662 1336 1700 maestissima
1368 1674 1484 1714 casu,

271 1727 315 1756 40
336 1718 498 1756 Pectora
531 1729 719 1768 processu
753 1719 850 1755 facta
883 1729 1020 1756 serena
1052 1724 1142 1757 tuo.

335 1775 417 1814 Hoc
450 1788 520 1826 ego
553 1781 760 1814 venturum
793 1777 868 1813 iam
906 1781 1012 1828 tum,
1055 1777 1282 1829 carissime,
1315 1779 1414 1830 vidi,

335 1833 474 1872 Ferret
505 1833 629 1872 adhuc
661 1835 734 1871 ista
766 1845 854 1872 011111
887 1835 1013 1872 minor
1045 1846 1138 1873 aura
1169 1840 1314 1875 ratem.

338 1891 425 1930 Sive
458 1891 612 1942 aliquod
645 1904 827 1943 morum,
859 1904 928 1930 seu
960 1894 1058 1930 vitae
1091 1892 1175 1931 labe
1208 1896 1376 1933 carentis

336 1949 406 1988 Est
436 1952 635 2001 pretium,
668 1961 780 1988 nemo
813 1949 935 2000 pluris
968 1951 1155 1989 emendus
1188 1958 1295 1991 erat:

272 2018 315 2046 45
338 2008 425 2046 Sive
458 2020 528 2058 per
560 2009 747 2058 ingenuas
779 2008 916 2058 aliquis
949 2014 1065 2059 caput
1097 2009 1234 2048 extulit
1265 2018 1368 2050 artes
1397 2033 1447 2039 —

339 2065 543 2111 Quaelibet
575 2066 727 2116 eloquio
760 2066 802 2104 fit
834 2066 935 2104 bona
967 2079 1081 2105 causa
1113 2072 1203 2106 tuo.
1256 2092 1259 2095 ‹

338 2124 406 2162 His
440 2136 508 2174 ego
542 2130 758 2162 commotus
791 2124 868 2162 dixi
900 2124 970 2163 tibi
1001 2126 1180 2175 protinus
1210 2127 1285 2176 ipsi

338 2179 501 2220 ‘Scaena
534 2189 663 2220 manet
695 2182 804 2220 dotes
836 2183 993 2232 grandis
1012 2215 1023 2234 ,
1055 2184 1175 2221 amice
1194 2215 1205 2235 ,
1238 2189 1323 2222 tuas
1339 2181 1363 2223 .'

338 2239 441 2278 Haec
474 2240 568 2278 mihi
600 2252 677 2278 11011
711 2242 838 2279 ovium
870 2240 989 2279 fibrae
1022 2243 1238 2280 tonitrusve
1271 2244 1444 2295 sinistri,

275 2306 318 2336 50
339 2297 532 2348 Linguave
565 2304 737 2337 servatae
769 2311 942 2349 pennave
975 2299 1070 2338 dixit
1102 2301 1203 2338 avis:
