1570 2527
155 102 276 137 XVIII

156 212 357 262 mitatum,
394 214 439 249 ut
475 211 597 248 habet
632 210 817 249 Pacatus:
855 211 896 249 in
926 211 1056 251 Fastis
1094 212 1189 250 satis
1227 213 1411 262 frequens
1448 213 1488 250 id

158 283 280 320 genus
321 270 694 318 supplementorum.
765 281 799 307 v.
834 270 915 308 292
949 270 1052 318 quod
1083 270 1202 321 edidi,
1239 271 1369 320 potuit
1404 271 1487 320 ipse

158 329 418 377 interpolator
435 326 657 376 'praeferret
684 327 878 375 explorati
901 327 999 365 nihil
1019 330 1088 367 est.
1155 342 1191 367 v.
1212 329 1297 367 434
1319 328 1490 376 Celeiqite

158 386 263 434 dedi,
307 385 409 435 quod
445 398 523 425 non
558 385 754 433 videbam,
795 398 869 434 quo
908 385 1021 424 modo
1053 387 1277 436 Harpalyce
1313 387 1378 426 vel
1408 387 1488 425 filio

157 445 220 483 vel
250 444 373 482 fratre
405 444 641 492 interempto
672 445 749 482 vim
778 445 947 482 numinis
977 445 1268 493 temptavisset:
1306 448 1340 483 te
1362 447 1489 493 posito

162 515 239 540 non
272 503 318 539 de
350 514 486 539 mensa
517 501 698 550 apposita
727 502 1031 551 interpretabar,
1064 503 1133 540 sed
1163 504 1211 540 de
1242 503 1318 542 alio
1352 503 1489 552 quovis

157 561 262 598 vitae
300 560 540 608 discrimine,
577 560 639 598 cui
677 560 850 598 obiectus
888 572 985 609 puer
1022 562 1062 597 et
1093 561 1204 599 velut
1233 561 1488 609 interpositus

157 619 307 657 fuisset.
381 618 614 667 Demophon
657 617 764 655 Celei
806 617 909 655 filius
950 618 1055 666 apud
1098 618 1382 667 Apollodorum
1411 619 1431 656 I
1463 620 1487 657 5

159 677 413 726 comburitur,
440 676 532 726 quia
558 689 667 714 soror
686 677 854 714 clamore
875 676 1030 714 sublato
1050 678 1128 714 vim
1145 679 1316 715 numinis
1334 680 1490 725 tempta-

160 738 273 773 verat.
348 735 394 772 de
432 734 629 772 locutione
660 735 746 783 ipsa
777 735 850 772 hac
879 746 957 773 non
988 734 1267 784 dubitaverim,
1300 735 1369 773 sed
1399 747 1490 783 pen-

158 796 327 831 tameter
368 793 410 830 in
446 805 488 830 re
528 792 698 830 absurda
740 792 965 830 duriuscula
1007 793 1149 840 utitur,
1195 789 1254 831 ‘tu
1297 793 1350 830 sis
1393 788 1489 836 ille',

159 864 236 900 qua
260 851 520 899 interpolator
552 851 671 888 etiam
705 851 785 889 509
819 852 915 888 443.
987 863 1058 888 nec
1089 850 1192 899 quod
1223 852 1306 889 492
1341 851 1490 889 editum

159 912 219 947 est
258 909 382 947 multo
414 909 559 946 rectius
591 909 729 958 habet,
773 921 888 958 quam
926 908 1028 958 quod
1058 908 1242 946 falsarius
1274 921 1337 958 eo,
1374 914 1490 957 quein

158 967 320 1005 Ellisius
357 967 561 1016 indicavit,
600 979 715 1005 sensu
753 967 926 1015 scripsit:
970 967 1072 1016 apud
1108 967 1222 1004 illum
1261 979 1384 1014 aquae
1417 980 1489 1016 pro

159 1026 321 1074 rupibus
361 1028 430 1063 aut
469 1025 547 1062 aris
579 1024 705 1062 dictae
738 1025 956 1073 offendunt,
993 1027 1144 1062 nomine
1179 1027 1302 1072 saepit
1331 1024 1488 1063 Ovidia-

158 1096 251 1120 num
288 1096 367 1121 non
404 1088 473 1121 est.
545 1083 720 1131 proximo
758 1095 874 1121 versu
911 1084 990 1120 Nee
1026 1083 1205 1132 intellegi
1234 1083 1415 1121 volebam
1445 1085 1491 1121 ut

159 1142 251 1180 Met.
283 1141 318 1177 V
346 1143 391 1190 33
423 1153 467 1179 ac
499 1141 601 1190 quod
632 1142 734 1178 infra
765 1143 825 1179 est
852 1142 932 1179 559
963 1142 1047 1179 560
1079 1140 1217 1179 eodem
1243 1153 1370 1190 sensu,
1401 1154 1490 1179 cum

159 1200 232 1237 hoc
271 1212 317 1237 ex
354 1199 490 1237 eodem
521 1199 718 1238 Ciceronis
761 1200 844 1237 loco
881 1199 1018 1236 inferri
1054 1200 1198 1247 potuIt:
1244 1200 1312 1237 sed
1348 1212 1420 1238 nec
1450 1200 1491 1237 in

159 1258 343 1296 Tiberino
381 1259 466 1296 514
505 1257 613 1295 aliud
650 1270 764 1306 quam
802 1259 970 1295 mortem
1001 1258 1199 1296 recensuit
1229 1257 1355 1296 homo.
1428 1270 1491 1295 re-

160 1318 267 1354 stant
308 1316 448 1364 igitur,
492 1328 657 1364 quarum
695 1315 822 1352 minus
862 1315 1081 1364 paeniteat,
1126 1316 1370 1354 coniecturae
1407 1318 1489 1353 tres

158 1375 222 1412 vel
260 1376 457 1422 quattuor.
530 1387 566 1412 v.
602 1375 684 1411 140
721 1375 900 1411 immanis
931 1374 1012 1411 sive
1043 1375 1085 1411 in
1113 1376 1240 1412 manis
1269 1374 1385 1422 pauci
1414 1373 1492 1412 mei

158 1433 251 1469 libri
300 1431 509 1470 habebant.
583 1430 823 1469 Schraderus
871 1431 1133 1480 adscripserat
1181 1427 1358 1470 ‘videtur
1407 1444 1504 1470 cors

159 1493 322 1538 ruptum
355 1520 361 1526 .
395 1489 442 1526 de
479 1489 568 1527 vivo
607 1489 691 1538 agit
728 1489 777 1526 ad
813 1502 848 1527 v.
890 1486 998 1527 161⁹.
1072 1490 1259 1528 correctio
1296 1502 1375 1527 non
1410 1490 1492 1528 vio-

158 1549 277 1587 lenta.
350 1560 385 1586 v.
419 1549 500 1586 357
534 1548 741 1596 intellego,
781 1541 829 1584 esi
860 1547 921 1584 cui
951 1547 1046 1585 facis
1078 1548 1227 1597 ignem,
1264 1548 1402 1586 ardeat
1433 1561 1490 1596 eo,

160 1619 235 1655 quo
269 1601 445 1644 Canace’.
516 1607 643 1652 face-re
678 1617 827 1643 somnos
858 1608 918 1643 est
948 1605 1053 1643 Fast.
1085 1606 1145 1642 ΙΙΙ
1180 1607 1242 1653 18,
1273 1607 1399 1652 facere
1429 1607 1492 1643 do-

161 1666 294 1707 lorem,
338 1664 582 1712 desideriam,
625 1665 742 1706 iram,
787 1665 956 1700 timorem
992 1663 1182 1713 vulgaria.
1254 1676 1291 1702 v.
1329 1664 1411 1701 512
1450 1664 1492 1701 in

159 1723 351 1760 librorum
383 1722 578 1770 scriptura
602 1721 719 1758 Stella
744 1721 1005 1768 Leoprepidae
1035 1732 1120 1759 cam
1151 1722 1226 1768 fait
1257 1733 1378 1769 aequa
1409 1723 1492 1760 viro

161 1781 424 1828 Leoprepidae
466 1781 548 1817 viro
591 1779 674 1816 iure
719 1779 950 1827 displicebat
993 1778 1226 1827 Schradero,
1270 1780 1493 1828 temptabat

163 1841 231 1877 dei.
278 1850 399 1885 aequa
429 1837 661 1887 languidum
692 1849 762 1874 nec
793 1837 960 1875 latinum
992 1836 1166 1886 quidem,
1206 1837 1282 1875 nisi
1313 1838 1362 1875 ad
1391 1837 1493 1875 illud

162 1897 260 1935 velis
292 1896 454 1944 referre,
492 1896 593 1944 quod
631 1897 691 1933 est
727 1894 830 1943 apud
862 1894 1103 1943 Ciceronem,
1140 1897 1326 1943 reliquum
1357 1908 1382 1934 a
1411 1898 1493 1934 suis

167 1956 399 2003 Tyndaridis
422 1957 573 2001 peteret.
641 1954 808 1991 maxime
839 1966 930 1992 vero
962 1953 1221 2001 improbabile
1247 1953 1357 2002 illud,
1389 1954 1493 2003 quod

165 2014 284 2051 etiam
305 2011 543 2050 Schraderus
563 2012 695 2060 habet,
727 2008 858 2049 ‘stella
875 2024 944 2059 pro
966 2008 1229 2061 Tyndaridis'‚
1256 2024 1492 2061 quamquam

165 2072 317 2109 adiecto
356 2066 486 2108 ‘modo
525 2070 577 2107 sit
613 2071 720 2108 locus
760 2065 902 2108 sanus'.
976 2069 1023 2107 de
1061 2069 1330 2108 catasterismo
1364 2068 1492 2106 Gemi-

165 2143 305 2167 norum
334 2141 448 2166 nemo
476 2128 676 2177 cogitabit,
707 2140 942 2177 quamquam
967 2129 1074 2166 stella
1098 2140 1168 2176 pro
1193 2129 1314 2165 sidere
1339 2127 1492 2165 dicitur.

168 2188 235 2227 sed
271 2199 342 2225 nec
379 2188 485 2225 sidus
516 2187 621 2225 Fast.
653 2186 689 2222 V
723 2188 805 2224 720
842 2185 948 2223 aliud
981 2185 1174 2234 significat
1206 2197 1324 2234 quam
1355 2185 1491 2223 stellas

167 2247 266 2292 illas,
299 2257 395 2294 quas
412 2246 546 2283 -moris
564 2245 641 2283 fuit
660 2241 921 2292 ἀναπέμπειν
941 2241 999 2281 εἰς.
1018 2242 1094 2291 τὴν
1114 2243 1199 2281 τῶν
1220 2241 1493 2290 Διοεκούρων

168 2300 440 2351 ἐπιφάνειαν,
471 2303 582 2341 Diod.
616 2303 671 2340 IV
703 2304 775 2351 433
814 2302 881 2340 sed
917 2300 1015 2340 Teuc
1053 2299 1376 2349 χειμαζομένους
1406 2300 1492 2339 τῶν
