1570 2527
200 129 221 169 1
227 129 255 170 4
754 131 978 163 TRISTIUM

316 237 549 278 Pectoribus
582 243 771 289 quantum
802 243 845 277 tu
877 239 1050 290 nostris,
1082 251 1210 290 uxor,
1241 239 1446 291 inhaeres,

317 296 441 348 Digna
472 298 600 335 minus
633 298 776 335 misero
795 328 807 349 ,
838 309 916 336 non
949 296 1109 335 meliore
1140 298 1248 336 viro.

276 363 297 394 5
318 355 373 394 Te
405 367 490 394 mea
523 356 724 406 supposita
755 355 876 394 veluti
907 355 1016 394 trabe
1048 355 1143 394 fulta
1175 357 1288 394 ruina
1320 360 1403 395 est:

319 413 456 464 Siquid
489 412 615 452 adhuc
648 425 718 464 ego
751 425 837 452 sum
856 445 867 465 ,
900 415 1074 452 muneris
1107 425 1220 452 omne
1252 415 1310 453 tui
1343 418 1425 453 est.

317 471 377 510 Tu
410 472 504 510 facis
524 502 534 522 ,
566 476 611 510 ut
642 471 809 522 spolium
841 483 920 510 non
952 473 1053 523 sim,
1095 484 1167 511 nec
1199 472 1325 511 nuder
1357 471 1404 511 ab
1436 471 1535 525 illis,

317 529 516 580 Naufragii
547 528 697 568 tabulas
730 531 796 580 qui
826 530 976 580 petiere
1008 531 1106 568 mei.

318 587 447 638 thue
479 599 597 638 rapax
629 588 854 626 stimulante
886 588 986 626 fame
1019 587 1264 639 cupidusque
1297 589 1450 627 cruoris

257 654 299 685 10
331 645 618 684 Incustoditum
650 651 778 697 captat
809 645 907 684 ovile
938 645 1078 699 lupus,

318 704 395 743 Aut
425 710 470 743 ut
502 704 597 742 edax
628 704 760 743 vultur
793 716 935 755 corpus
967 705 1235 756 circumspicit
1266 705 1418 756 ecquod

321 761 402 802 Sub
435 762 540 801 nulla
571 764 742 814 positum
775 774 936 801 cernere
968 764 1093 814 possit
1123 763 1266 816 humo,

320 820 385 860 Sic
416 832 502 859 mea
534 822 666 859 nescio
700 822 787 871 quis
806 852 817 873 ‚
848 820 967 859 rebus
998 821 1097 859 male
1129 821 1230 860 fidus
1261 820 1437 874 acerbis,

318 878 362 917 In
393 878 495 917 bona
526 885 745 929 venturus,
777 880 810 917 si
840 884 1019 930 paterere
1038 909 1049 931 ‚
1082 879 1178 918 fuit.

257 945 298 975 15
319 937 433 976 Hunc
465 943 530 976 tua
562 949 633 988 per
667 935 780 974 fortis
819 938 942 976 virtus
975 939 1184 976 summovit
1215 939 1383 990 amicos,

320 995 432 1034 Nulla
465 994 606 1045 quibus
638 995 749 1033 reddi
781 997 902 1046 gratia
935 995 1049 1046 digna
1079 1001 1232 1047 potest.

320 1053 423 1105 Ergo
457 1065 573 1104 quam
604 1054 777 1105 misero,
809 1059 886 1092 tam
919 1066 1010 1092 vero
1043 1059 1143 1093 teste
1175 1053 1377 1107 probaris,

319 1111 391 1150 Hic
423 1111 578 1162 aliquod
610 1111 763 1162 pondus
795 1113 828 1150 si
859 1111 973 1150 modo
1006 1113 1117 1151 testis
1148 1112 1287 1152 habet.

321 1169 400 1208 Nec
432 1170 627 1221 probitate
659 1175 725 1208 tua
756 1171 864 1221 prior
897 1175 956 1209 est
988 1175 1054 1209 aut
1085 1169 1266 1210 Hectoris
1297 1183 1420 1224 uxor,

256 1236 300 1266 20
321 1229 397 1267 Aut
429 1240 559 1267 comes
592 1229 763 1267 extincto
796 1227 999 1267 Laodamia
1031 1230 1138 1268 viro.

320 1286 380 1325 Tu
414 1288 446 1325 si
477 1286 695 1325 Maeonium
728 1293 853 1324 vatem
885 1289 1022 1325 sortita
1054 1287 1220 1339 fuisses,

321 1344 537 1395 Penelopes
571 1349 675 1383 esset
706 1345 805 1382 fama
837 1345 1008 1383 secunda
1040 1351 1151 1384 tuae.

257 1411 300 1442 33
322 1402 452 1441 Prima
483 1402 613 1441 locum
645 1408 798 1441 sanctas
828 1403 1008 1441 heroidas
1042 1404 1143 1441 inter
1174 1403 1361 1457 haberes,

257 1469 301 1500 34
321 1460 450 1499 Prima
481 1460 594 1499 bonis
626 1462 744 1499 animi
776 1462 1049 1512 conspicerere
1082 1463 1162 1500 tui:

323 1519 411 1558 Sive
443 1518 514 1558 tibi
545 1518 619 1557 hoc
652 1518 771 1557 debes
792 1551 802 1571 ,
834 1519 939 1558 nullo
971 1521 1034 1570 pia
1065 1520 1164 1558 facta
1196 1522 1405 1572 magistro,

324 1577 499 1628 Cumque
533 1589 630 1616 nova
661 1589 790 1616 mores
823 1583 915 1616 sunt
946 1577 1016 1616 tibi
1047 1577 1134 1617 luce
1166 1578 1268 1631 dati,

259 1643 302 1674 25
324 1635 484 1674 Femina
516 1647 584 1674 seu
617 1637 801 1686 princeps
834 1648 969 1674 omnes
1000 1635 1072 1674 tibi
1104 1636 1206 1675 culta
1236 1649 1309 1687 per
1340 1648 1461 1676 annos

323 1693 378 1732 Te
410 1693 525 1732 docet
556 1693 775 1744 exemplum
808 1695 983 1744 coniugis
1015 1706 1100 1732 esse
1133 1693 1280 1746 honae,

322 1751 627 1802 Adsimilemque
661 1753 721 1790 sui
752 1751 865 1802 longa
897 1751 1153 1790 adsuetudine
1185 1752 1278 1792 fecit
1289 1784 1301 1805 ,

325 1809 491 1848 Grandia
524 1811 557 1848 si
587 1811 716 1860 parvis
748 1808 978 1847 adsimulare
1010 1808 1120 1848 licet.

323 1868 370 1907 Ei
389 1868 506 1919 mihi,
533 1880 610 1906 non
632 1879 789 1918 magnas
810 1867 912 1918 quod
939 1867 1084 1907 habent
1108 1880 1193 1907 mea
1219 1870 1390 1909 carmina
1415 1871 1539 1923 vires,

261 1936 305 1967 30
325 1926 544 1977 Nostraque
577 1931 668 1965 sunt
699 1927 849 1964 meritis
881 1938 948 1964 ora
980 1927 1130 1965 minora
1161 1929 1261 1979 tuis,

327 1985 464 2035 Siquid
497 1990 535 2023 et
564 1986 604 2023 in
635 1983 748 2023 nobis
779 1985 854 2022 vivi
885 1984 958 2023 fuit
989 1990 1076 2023 ante
1108 1986 1275 2038 vigoris,

327 2042 553 2082 Extinctum
584 2042 708 2093 longis
741 2042 882 2081 occidit
913 2054 1025 2081 omne
1059 2042 1191 2082 malis!

263 2111 306 2141 35
329 2101 697 2152 Quantumcumque
729 2105 858 2140 tamen
890 2102 1098 2152 praeconia
1129 2107 1263 2140 nostra
1294 2100 1499 2154 valebunt,

287 2156 291 2160 ’
329 2159 574 2198 Carminibus
606 2161 710 2198 vives
742 2164 896 2210 tempus
928 2160 968 2197 in
999 2169 1112 2198 omne
1144 2161 1265 2199 meis.
