1570 2527
545 122 605 154 IV.
632 130 663 154 11
685 123 808 155 1—72.
1297 119 1353 162 65

129 232 253 283 Saepe
286 230 485 268 recusanti
517 241 682 280 corpora
714 235 825 281 capta
857 230 953 268 deo.

129 290 202 328 Hic
234 289 370 340 lacus,
402 288 443 326 hi
475 293 656 339 montes,
688 287 783 326 haec
816 294 873 327 tot
905 288 1090 341 castella,
1129 293 1187 327 tot
1219 301 1353 328 amnes

129 348 247 387 Plena
280 347 384 386 ferae
418 346 570 398 caedis,
605 346 719 398 plena
752 349 904 385 cruoris
937 353 1070 386 erant:

130 407 282 445 Drusus
313 407 354 444 in
385 405 447 443 his
478 406 624 444 meruit
657 405 852 456 quondam
885 407 1115 457 cognomina
1146 407 1288 457 terris,

65 473 111 505 40
133 465 240 511 Quae
272 463 372 502 bona
404 465 643 516 progenies,
675 463 790 515 digna
821 470 983 514 parente
1003 495 1014 516 ,
1048 465 1142 503 suit.

131 522 324 562 Cornibus
357 522 420 560 hic
453 522 616 574 fractis,
647 523 762 561 viridi
795 522 892 561 male
925 528 1055 561 tectus
1087 522 1134 561 ab
1168 522 1277 574 ulva,

132 581 298 621 Decolor
330 583 414 632 ipse
447 592 517 619 suo
552 582 739 632 sanguine
771 581 932 620 Rhenus
965 587 1074 620 erat.

132 639 316 679 Crinibus
349 652 397 678 en
430 641 546 678 etiam
579 640 704 678 fertur
737 640 943 679 Germania
974 641 1100 691 passis

131 698 182 737 Et
214 698 325 737 ducis
357 699 491 736 invicti
524 697 596 736 sub
629 698 728 749 pede
760 704 907 737 maesta
940 699 1074 751 sedet3

69 765 112 796 45
135 757 318 807 Collaque
351 755 545 794 Romanae
578 756 772 807 praebens
805 758 977 795 animosa
1008 759 1140 796 securi

132 814 294 854 Vincula
326 815 403 853 fert
434 814 527 866 illa,
560 826 635 866 qua
669 814 758 853 tulit
789 827 925 867 arma,
957 827 1075 854 manu
1091 812 1115 855 ‚⁹

131 873 211 912 Hos
244 885 362 925 super
394 874 434 912 in
467 885 617 925 curru,
651 872 820 925 Caesar,
852 875 1001 912 victore
1033 873 1188 912 veheris

131 932 363 984 Purpureus
394 931 530 983 populi
560 933 635 970 rite
667 944 738 983 per
769 944 837 971 ora
868 933 951 972 tui:

133 991 296 1042 Quaque
327 990 403 1029 ibis
422 1022 432 1042 ,
464 990 644 1029 manibus
677 990 1016 1042 circumplaudere
1047 997 1228 1043 tuorum,

63 1057 106 1088 50
127 1049 308 1101 Undique
339 1051 480 1088 iactato
512 1049 609 1088 flore
641 1055 797 1101 tegente
830 1051 932 1088 vias.

134 1108 328 1160 Tempora
359 1107 541 1147 Phoebea
572 1108 681 1147 lauro
715 1110 919 1160 cingetur,
953 1105 1036 1147 ‘Io'
1070 1121 1146 1160 que

133 1167 274 1220 Miles,
307 1163 397 1219 ‘Io,'
430 1179 568 1217 magna
600 1179 723 1219 voce,
757 1163 1002 1218 ‘Triumphe'
1037 1173 1173 1206 canet.

134 1225 221 1277 Ipse
255 1237 350 1264 sono
381 1225 600 1276 plausuque
634 1225 750 1264 simul
782 1226 1021 1278 fremituque
1055 1232 1219 1265 canente

134 1284 395 1335 Quadriiugos
428 1296 566 1323 cernes
600 1296 714 1335 saepe
747 1286 934 1323 resistere
968 1297 1113 1336 equos.

70 1350 112 1382 55
133 1342 227 1381 Inde
259 1348 370 1393 petes
403 1355 534 1381 arcem
566 1348 605 1382 et
637 1343 799 1382 delubra
830 1344 998 1382 faventia
1031 1345 1153 1395 votiS,

134 1401 184 1440 Et
215 1401 372 1440 dabitur
404 1403 544 1440 merito
577 1401 710 1441 laurea
741 1407 829 1440 vota
860 1401 964 1440 Iovi.

135 1459 240 1499 Haec
273 1472 343 1511 ego
377 1465 625 1512 summotus,
659 1472 735 1511 qua
765 1472 956 1512 possum,
989 1465 1119 1499 mente
1154 1460 1315 1500 videbo:

134 1518 273 1570 Erepti
304 1518 416 1557 nobis
448 1520 510 1557 ius
542 1518 660 1557 habet
691 1518 754 1556 illa
785 1518 883 1557 loci.

136 1577 203 1616 1113
234 1589 304 1628 per
336 1579 534 1616 inmensas
568 1578 759 1629 spatiatur
789 1576 913 1616 libera
944 1583 1095 1630 terras,

71 1635 180 1676 60111
213 1635 364 1674 caelum
396 1635 516 1675 celeri
546 1637 726 1687 pervenit
758 1635 821 1674 illa
853 1637 936 1688 via;

135 1694 202 1733 Illa
234 1706 342 1733 meos
374 1695 508 1733 oculos
539 1694 707 1733 mediam
740 1694 900 1733 deducit
931 1695 971 1733 in
1003 1694 1172 1747 Urbem,

134 1753 332 1792 Immunes
364 1755 463 1792 tanti
493 1765 566 1792 nec
600 1755 694 1792 sinit
725 1765 812 1792 esse
844 1752 960 1805 boni3

135 1811 390 1863 Invenietque
424 1814 576 1851 animus
595 1843 606 1865 ,
639 1824 715 1863 qua
747 1824 890 1851 currus
922 1818 1076 1864 spectet
1108 1812 1303 1853 eburnos:

137 1870 201 1910 Sic
233 1876 340 1910 certe
372 1872 413 1910 111
443 1872 569 1923 patria
599 1883 671 1923 per
702 1870 820 1910 breve
852 1876 1008 1922 tempus
1041 1884 1131 1910 ero.

71 1937 114 1969 65
139 1929 235 1968 Vera
265 1934 397 1968 tamen
429 1931 557 1982 capiet
587 1929 757 1982 populus
789 1930 1012 1981 spectacula
1044 1930 1160 1982 felix,

135 1988 332 2039 Laetaque
365 1989 440 2027 erit
470 2001 657 2040 praesens
689 2000 780 2027 cum
812 1989 911 2027 duce
944 1989 1059 2027 turba
1092 2000 1174 2027 suo.

135 2048 183 2086 At
215 2047 312 2086 mihi
343 2047 525 2098 fingendo
558 2053 710 2087 tantum
742 2047 935 2098 longeque
968 2048 1130 2086 remotis

134 2105 307 2145 Auribus
338 2105 403 2144 hic
435 2107 588 2146 fructus
621 2106 900 2158 percipiendus
933 2107 1031 2158 erit,

136 2166 263 2216 Atque
293 2164 433 2216 procul
464 2165 573 2204 Latio
606 2166 805 2204 diversum
837 2166 982 2203 missus
1014 2166 1054 2203 in
1087 2163 1223 2203 orbem

73 2231 116 2262 70
138 2224 214 2270 Qui
244 2229 378 2264 narret
410 2225 552 2276 cupido
571 2256 582 2276 ,
613 2226 676 2263 vix
709 2225 813 2275 erit,
845 2224 920 2262 ista
952 2223 1072 2262 mihi.

135 2283 174 2321 Is
201 2295 356 2334 quoque
382 2284 460 2322 iam
487 2295 619 2322 serum
646 2283 793 2321 referet
818 2287 1069 2333 veteremque
1095 2280 1362 2334 triumphum:

137 2341 223 2388 Quo
255 2347 385 2380 tamen
417 2342 578 2381 audiero
611 2347 788 2393 tempore
807 2371 818 2393 ‚
850 2340 974 2380 laetus
1007 2353 1095 2380 ero.

88 2414 196 2441 ovn).
232 2415 291 2441 111.
1126 2410 1146 2441 5
