1570 2527
591 114 650 146 1v.
679 116 874 147 ese-354.
1314 113 1398 154 293

180 219 442 274 “Sup13liciS,
475 222 601 275 alma,
634 229 752 272 tuae,
785 225 963 273 genetrix
996 223 1161 262 fecunda
1195 223 1382 276 deorum,

91 289 157 319 320
237 281 379 332 Accipe
412 279 484 319 sub
518 287 624 320 certa
657 281 886 320 condicione
919 293 1081 332 preces,

179 338 291 378 Casta
324 351 473 389 negor.
531 341 563 378 si
596 345 637 378 tu
670 340 859 391 damnas,
892 342 1086 380 meruisse
1119 340 1293 392 fatebor,

236 397 360 436 Morte
393 397 495 436 luam
527 410 674 449 poenas
706 399 834 437 iudice
869 400 968 438 victa
1001 399 1093 438 dea.

180 455 256 495 Sed
289 458 322 495 si
354 458 503 495 crimen
536 456 673 508 abest,
706 462 748 495 tu
782 463 937 496 nostrae
971 459 1134 508 pignora
1166 459 1264 497 vitae

238 514 293 553 Re
327 515 436 554 dabis
457 548 465 564 ‚
498 520 536 554 et
569 522 694 554 castas
727 521 831 554 casta
864 528 1030 567 sequere
1063 513 1265 556 manus.''

92 582 158 612 325
180 572 313 625 Dixit,
346 579 386 612 et
418 575 558 625 exiguo
590 574 722 612 funem
756 576 959 613 conamine
995 577 1131 615 traxit.

239 631 334 670 Mira
354 664 364 683 ,
397 632 466 671 sed
499 639 538 672 et
569 645 709 671 scaena
740 634 945 672 testificata
977 634 1138 685 loquar:

179 689 282 729 Mota
315 691 385 729 dea
418 696 506 743 est,
539 693 796 743 sequiturque
831 692 999 744 ducem,
1032 692 1239 744 laudatque

909 751 1133 802 sequendo.

239 807 358 846 Index
391 808 559 847 laetitiae
593 809 720 847 fertur
751 810 791 847 in
824 814 926 848 astra
959 821 1102 848 sonus.

179 865 370 904 Fluminis
403 866 448 904 ad
481 867 625 905 flexum
657 868 846 918 veniunt,
879 889 925 894 —-
957 868 1141 906 Tiberina
1173 870 1326 920 priores

91 932 158 963 330
238 925 345 963 Atria
379 924 562 964 dixerunt
595 947 638 952 —
672 925 775 964 unde
809 927 968 964 sinister
1000 926 1102 965 abit.

179 982 263 1021 Nox
295 983 456 1022 aderat.
515 996 664 1034 querno
697 984 862 1034 religant
894 997 914 1022 a
948 986 1080 1035 stipite
1114 986 1270 1039 sunem,

239 1041 417 1092 Dantque
449 1042 524 1080 levi
557 1054 692 1081 somno
726 1055 892 1093 corpora
924 1043 1056 1082 functa
1091 1044 1201 1083 cibo.

179 1099 263 1139 Lux
296 1100 457 1139 aderat:
504 1113 654 1151 querno
688 1101 843 1140 solvunt
875 1114 895 1140 a
927 1104 1059 1153 stipite
1093 1103 1248 1155 funem,

238 1159 336 1197 Ante
370 1164 498 1197 tamen
530 1161 658 1209 posito
691 1166 778 1198 tura
811 1160 954 1198 dedere
986 1161 1094 1200 foco.

91 1225 158 1256 335
179 1218 278 1256 Ante
311 1225 534 1256 coronatam
567 1230 738 1269 puppem
771 1220 854 1256 sine
887 1218 972 1257 labe
1004 1221 1207 1259 iuvencam

238 1276 458 1314 Mactarunt
490 1289 652 1327 operum
686 1278 936 1328 coniugiique
969 1278 1130 1317 rudem.

182 1334 252 1373 Est
283 1334 393 1373 locus
413 1366 424 1386 ‚
455 1336 494 1373 in
528 1335 701 1374 Tiberim
736 1348 810 1386 qua
844 1336 1018 1375 lubricus
1052 1337 1179 1376 influit
1210 1338 1319 1377 Almo

238 1392 287 1432 Et
320 1405 460 1431 nomen
493 1406 631 1444 magno
664 1394 793 1445 perdit
826 1394 872 1433 ab
905 1407 1018 1434 amne
1051 1397 1199 1435 minor.

179 1451 261 1491 lllic
294 1464 493 1502 purpurea
525 1465 645 1491 canus
678 1465 767 1491 cum
801 1459 906 1492 veste
940 1454 1123 1493 sacerdos

91 1518 159 1550 340
239 1511 412 1549 Almonis
446 1511 641 1550 dominam
674 1523 860 1562 sacraque
893 1512 985 1551 lavit
1017 1515 1149 1563 aquis.

180 1569 390 1608 Exululant
423 1571 613 1621 comites,
646 1570 871 1622 furiosaque
905 1571 997 1609 tibia
1030 1572 1167 1624 ssatur,

238 1627 287 1666 Et
319 1629 466 1667 feriunt
497 1628 632 1667 molles
666 1634 798 1668 taurea
832 1635 939 1680 terga
972 1642 1132 1669 manus.

181 1686 339 1725 Claudia
371 1687 599 1739 praecedit,
632 1688 731 1726 laeto
765 1688 1018 1727 celeberrima
1052 1689 1188 1741 volgo,

239 1745 395 1784 Credita
428 1747 488 1784 vix
520 1746 676 1785 tandem
709 1752 808 1786 teste
841 1748 983 1798 pudica
1016 1747 1108 1800 dea;

91 1812 158 1843 345
178 1804 264 1855 Ipsa
299 1804 440 1843 sedens
472 1805 647 1855 plaustro
679 1811 790 1857 porta
824 1812 884 1845 est
914 1808 1066 1845 invecta
1099 1806 1276 1858 Capena:

240 1863 487 1914 Sparguntur
518 1865 674 1902 iunctae
707 1865 801 1903 flore
835 1870 994 1904 recente
1026 1865 1166 1904 boves.

179 1921 317 1960 Nasica
349 1924 500 1973 accepit
520 1953 528 1961 .
584 1923 719 1974 templi
751 1935 829 1961 non
861 1925 1034 1974 perstitit
1066 1929 1225 1962 auctor:

238 1981 437 2030 Augustus
470 1993 574 2019 nunc
606 1987 693 2032 est,
727 1987 814 2019 ante
847 1981 1026 2020 Metellus
1060 1978 1186 2020 erat.'

180 2037 363 2077 Substitit
396 2038 459 2077 hic
491 2038 639 2077 Erato.
695 2051 803 2078 mora
835 2040 906 2091 fit,
939 2041 972 2078 si
1004 2046 1134 2078 cetera
1168 2052 1375 2091 quaeram.

91 2104 158 2136 350
238 2094 327 2135 ‘Dic
347 2093 377 2148 ‚⁹
411 2098 569 2149 inquam
602 2094 739 2148 ‘parva
772 2110 842 2137 cur
875 2100 974 2149 stipe
1008 2105 1169 2149 quaerat
1201 2097 1339 2150 opes.'

179 2153 375 2194 ‘Contulit
407 2168 470 2194 aes
503 2156 700 2208 populus,
734 2156 781 2195 de
814 2169 891 2208 quo
925 2157 1087 2196 delubra
1118 2157 1296 2197 Metellus

237 2211 395 2266 Fecit3'
430 2217 483 2253 ait
516 2212 683 2254 =dandae
717 2227 800 2254 mos
833 2217 944 2266 stipis
977 2216 1067 2254 inde
1100 2214 1274 2255 manet.'

179 2272 258 2312 Cur
290 2273 441 2312 vicibus
475 2274 586 2313 factis
619 2276 751 2313 ineant
783 2276 985 2326 convivia,
1019 2287 1187 2325 quaero,

237 2331 347 2370 Tunc
379 2334 530 2385 magis,
562 2333 728 2372 indictas
761 2332 1116 2385 concelebrentque
1150 2334 1292 2385 dapes.
