1570 2527
144 94 259 128 XXIV

144 203 234 240 libri
266 203 423 241 secundi
449 203 660 254 quidquam
686 203 989 242 dinumerationi
1018 207 1177 243 nostrae
1203 205 1336 243 obstat
1365 216 1481 253 prae·

143 265 203 299 ter
234 261 402 299 disticha
434 274 457 300 a
482 262 660 299 Bentleio
686 262 770 304 iure
797 263 943 312 optimo
970 264 1122 301 abiecta
1146 263 1186 301 II
1212 272 1241 301 V
1268 264 1320 300 67
1350 264 1403 301 68
1437 264 1481 299 et

143 320 182 357 II
213 329 261 357 VI
289 321 342 358 23
378 321 442 357 24.
516 320 717 368 inscriptio
749 321 841 359 libri
871 321 980 359 tertii
1012 321 1163 359 adiecta
1193 321 1271 359 fuit
1300 320 1342 358 in
1372 320 1477 358 calce

142 392 177 427 p.
200 372 313 430 (71),
351 380 395 415 ut
427 377 661 428 Georgicon,
682 379 827 428 scripta
859 382 917 417 est
948 380 988 417 in
1018 382 1193 418 extrema
1222 379 1368 429 pagina
1397 378 1475 415 Bu-

143 437 292 474 colicon
334 436 473 474 codicis
512 436 693 474 Medicei:
735 437 782 475 de
821 450 896 486 quo
939 438 1188 486 antiquorum
1225 437 1477 475 librariorum

143 507 216 532 usu
255 494 575 532 commemoravit
612 495 885 533 Lachmannus
923 496 973 534 ad
1010 496 1123 534 Lucr.
1161 509 1198 544 p.
1233 497 1297 534 72.
1371 495 1474 543 capi-

145 553 228 590 tula
260 553 464 601 archetypi
489 552 715 591 Lucretiani
746 554 804 591 ita
828 554 1044 592 adhaerent
1069 554 1222 602 paginis
1249 554 1347 602 159,
1381 554 1477 600 194,

145 612 246 649 263:
289 611 492 659 inscriptio
536 619 793 650 MESSALINO
831 612 872 649 in
908 611 1201 660 Hamburgensi
1231 611 1341 649 Pont.
1372 610 1413 648 II
1443 619 1477 648 ΙΙ

145 669 274 706 versui
311 669 350 706 II
387 678 403 706 1
444 670 515 718 68,
563 677 720 708 MAGRO
758 670 799 707 II
824 679 927 708 VIIII
965 671 1020 708 80
1058 670 1218 708 adiecta.
1303 683 1338 717 p.
1366 664 1477 720 (72)

144 729 273 776 inepte
329 727 613 765 resarcinatum
664 729 808 766 habere
863 728 1019 766 videtur
1067 731 1310 777 postremum
1366 727 1475 765 disti-

144 787 251 824 chon.
327 799 364 835 p.
386 780 480 837 (76)
528 786 738 824 manifesta
781 789 873 824 sunt
909 786 1178 824 additamenta
1217 786 1313 834 duo,
1356 785 1476 822 inter-

143 844 333 893 polatoris
377 845 604 882 recentioris
645 848 872 893 utrumque,
916 857 939 882 a
976 845 1123 882 Kornio
1166 846 1272 882 recte
1315 843 1480 881 seclusa.

143 916 178 951 p.
213 899 307 954 (78)
339 902 401 939 III
432 911 447 939 Ι
483 904 562 941 143
607 905 688 940 144
720 903 904 940 Heinsius
943 905 983 940 et
1014 903 1081 940 alii
1113 904 1399 951 expunxerunt,
1436 901 1480 938 in

144 975 180 1010 p.
207 955 303 1012 (79)
349 963 523 998 extrema
565 962 705 999 lacuna
754 962 951 1010 suppleta,
1002 962 1105 1010 quod
1148 961 1318 998 Kornius
1360 960 1476 998 intel-

143 1019 248 1057 lexit.
322 1019 442 1056 etiam
480 1021 654 1057 extrema
690 1033 726 1068 p.
749 1016 870 1069 (102)
909 1031 1008 1068 quae
1047 1019 1340 1067 circumscripta
1376 1018 1479 1069 dedi,

144 1078 293 1115 habent
335 1077 507 1115 insubidi
543 1078 712 1115 multum
752 1079 792 1115 et
828 1078 1093 1126 incompositi,
1135 1090 1206 1116 nec
1241 1077 1478 1115 mutaverim

143 1136 340 1173 iudicium.
412 1135 453 1172 in
490 1136 578 1173 aliis
620 1135 793 1174 eiusdem
830 1137 871 1173 in
906 1137 1060 1186 paginis
1091 1136 1182 1184 1001,
1220 1131 1332 1187 (78),
1371 1131 1479 1185 (81),

147 1189 243 1246 (91)
264 1194 457 1232 cancellos
477 1194 640 1242 removi,
667 1197 736 1232 aut
756 1194 932 1233 sublatos
952 1195 1088 1233 velim:
1120 1195 1160 1231 in
1179 1193 1307 1231 media
1324 1207 1362 1242 p.
1383 1188 1476 1244 (90)

142 1253 271 1290 1108010
310 1265 385 1300 (1110
424 1264 554 1290 errore
593 1253 695 1290 illati
732 1252 820 1290 sint.
893 1253 1044 1301 reliqua
1082 1252 1211 1290 omnia
1242 1252 1479 1289 examussim

143 1311 363 1350 collineant.

260 1369 357 1406 Post
375 1382 410 1417 p.
434 1363 556 1421 (110)
586 1382 685 1418 quae
710 1370 863 1407 restant
887 1370 1054 1418 paginae
1079 1378 1224 1406 XXXVI
1250 1370 1479 1406 lacunarum

144 1428 321 1465 finalium
358 1428 640 1476 supplementis
680 1428 775 1465 satis
816 1427 1034 1465 manifestis
1073 1429 1113 1464 et
1152 1427 1294 1475 ineptis
1326 1427 1479 1464 duobus

143 1486 225 1523 IIII
256 1494 359 1523 v1111
394 1487 447 1523 94
482 1487 533 1523 95
569 1488 608 1523 et
628 1494 688 1523 xv
710 1487 763 1524 34
796 1486 926 1522 dirimi
958 1488 1076 1534 atque
1107 1485 1196 1522 inde
1228 1485 1393 1534 paginas
1424 1485 1479 1522 di-

144 1543 361 1581 metiendas
406 1544 607 1592 putabam.
680 1544 719 1580 in
757 1544 910 1592 paginis
955 1539 1079 1595 (111)
1110 1543 1160 1580 ad
1192 1540 1315 1595 (128)
1358 1555 1480 1579 unum

144 1602 337 1640 distichon
376 1602 566 1639 abundat:
604 1602 807 1639 Bentleius
838 1602 919 1639 IIII
951 1611 1053 1639 VIIII
1087 1604 1139 1639 25
1175 1603 1227 1639 26
1259 1601 1479 1638 tollendum

143 1661 329 1709 putabat,
361 1673 436 1708 quo
470 1660 625 1697 sublato
656 1672 727 1697 nec
757 1660 994 1708 proximum,
1027 1672 1150 1708 aeque
1180 1659 1336 1697 fatuum
1367 1661 1408 1696 et
1433 1672 1480 1697 ex

144 1720 249 1757 Fast.
294 1718 314 1755 I
355 1720 407 1756 82
455 1718 644 1765 effictum,
687 1720 866 1767 perstare
906 1718 1063 1766 poterit.
1135 1730 1273 1756 versus
1311 1718 1481 1768 paginae
1534 1736 1537 1739 ·

145 1777 220 1814 duo
254 1776 425 1825 supremi
457 1776 641 1825 suppleti,
674 1777 844 1814 alterum
869 1775 1064 1813 distichon
1094 1776 1259 1824 posthac
1284 1776 1481 1814 adiectum

144 1836 311 1874 videtur.
384 1835 530 1883 pagina
572 1834 749 1882 proxima
791 1836 1086 1883 pentametrum
1124 1837 1229 1872 certe
1274 1835 1480 1872 suffectum

143 1894 299 1942 habuit,
338 1892 530 1942 siquidem
570 1905 674 1941 popa
712 1895 781 1931 aut
817 1893 1046 1941 cultrarius,
1083 1905 1161 1930 non
1192 1894 1327 1931 consul
1358 1894 1482 1930 boves

144 1952 327 1991 trucidat.

264 2012 395 2059 Atque
426 2010 468 2048 in
498 2009 559 2047 his
592 2010 716 2048 satius
748 2011 834 2047 erat
865 2009 1097 2058 subsistere,
1129 2021 1216 2047 cum
1247 2009 1481 2058 paginarum

146 2082 248 2119 (11130
285 2071 438 2106 restant
468 2077 587 2106 XVIII
626 2068 837 2117 descriptio
875 2080 997 2117 aeque
1029 2069 1082 2105 sit
1111 2068 1261 2105 incerta
1291 2069 1409 2115 atque
1441 2067 1481 2104 in

146 2128 264 2166 Ibide.
340 2126 422 2164 ΠΠ
454 2136 516 2165 XV
550 2128 604 2164 34
644 2126 677 2164 si
708 2127 812 2164 solus
844 2128 1091 2175 pentameter
1123 2126 1345 2174 suppletus,
1378 2126 1481 2162 clau-

150 2187 245 2224 sisse
278 2185 464 2234 paginam
495 2185 695 2234 putandus
728 2186 804 2223 est:
838 2184 872 2222 si
903 2184 954 2222 ad
984 2185 1083 2222 hanc
1115 2196 1139 2221 a
1169 2184 1345 2221 clausula
1371 2195 1483 2231 supe·

147 2244 249 2282 riore
281 2243 447 2293 paginae
474 2252 553 2281 XVI
584 2244 859 2291 informantur,
890 2255 1028 2281 versus
1059 2251 1127 2280 XII
1157 2244 1290 2280 tamen
1322 2253 1483 2290 exsupe-

148 2305 249 2341 rant.
310 2314 446 2339 versus
469 2301 603 2339 decem
623 2302 812 2350 epistolae
832 2310 863 2339 X
882 2301 1034 2350 pridem
1054 2300 1226 2349 suspecti
1245 2300 1340 2337 mihi
1359 2301 1482 2338 erant.
