1570 2527
564 118 591 150 I.
619 126 696 150 vm
716 120 838 151 ‘Ji—X
857 119 888 151 8.
1315 118 1396 157 141

175 225 280 265 Haec
312 225 408 265 mihi
433 224 551 265 verba
584 225 706 265 malae
739 227 969 265 minuerunt
999 225 1124 264 taedia
1157 226 1280 265 vitae.

236 284 343 330 Quae
376 289 419 323 tu
451 296 501 323 ne
533 284 682 323 suerint
700 316 710 336 ,
743 284 908 324 Maxime
928 316 938 336 ‚
970 295 1094 336 vana,
1127 296 1241 323 cave.

175 342 262 382 Huc
295 354 452 394 quoque
483 348 693 382 venturum
726 343 820 382 mihi
852 355 894 382 se
926 344 1056 382 iurare
1089 341 1264 395 volebat,

234 400 320 440 Non
353 402 429 440 nisi
462 406 500 440 te
532 401 671 453 longae
702 403 764 440 ius
797 401 871 440 sibi
903 402 1018 440 dante
1051 402 1157 441 viae.

112 467 156 500 35
177 459 272 498 Nam
305 465 372 498 tua
404 472 482 498 non
515 460 588 499 alio
622 460 741 499 coluit
773 460 988 511 penetralia
1018 462 1122 512 ritu,
1342 467 1398 500 132)

236 518 450 557 Terrarum
483 518 661 558 dominos
694 531 810 570 quam
843 518 938 558 eolis
970 520 1054 570 ipse
1086 519 1202 557 deos.

177 576 301 616 Crede
334 577 430 616 mihi
448 608 458 629 ,
491 577 636 616 multos
667 577 811 616 habeas
844 590 933 617 cum
965 577 1107 628 dignus
1139 578 1310 629 amicos,

234 634 321 674 Non
353 636 427 675 fuit
459 648 479 674 e
513 635 645 675 multis
678 636 854 687 quolibet
885 635 949 675 ille
982 638 1133 675 minor.

178 693 219 733 Si
250 693 366 733 modo
398 706 476 733 non
510 706 652 733 census
684 707 757 734 nec
790 694 938 734 clarum
971 706 1114 734 nomen
1146 706 1331 745 avorum,

112 760 157 792 40
238 752 315 792 Sed
347 752 524 803 probitas
556 764 716 803 magnos
749 754 1027 804 ingeniumque
1061 754 1177 794 facit.

177 810 265 850 Iure
298 812 419 861 igitur
451 811 630 849 lacrimas
663 810 775 850 Celso
807 811 973 850 libamus
1006 812 1210 864 adempto,

236 868 334 908 Cum
366 870 572 921 fugerem,
605 870 690 908 vivo
724 881 819 920 quas
852 869 959 908 dedit
989 869 1052 908 ille
1085 870 1202 909 mihi:

178 927 358 967 Carmina
389 929 476 967 iure
509 928 645 967 damus
678 940 788 967 raros
820 929 1004 967 testantia
1036 940 1190 980 mores,

235 986 285 1025 Ut
316 992 382 1026 tua
414 988 571 1025 venturi
602 988 787 1038 nomina,
820 986 931 1026 Celse
951 1018 961 1038 ,
993 986 1146 1038 legant.

112 1053 156 1084 45
179 1045 261 1084 Hoc
293 1050 382 1097 est,
415 1045 519 1096 quod
551 1047 699 1096 possim
732 1045 878 1084 Getieis
910 1045 981 1084 tibi
1006 1047 1162 1084 mittere
1196 1045 1243 1084 ab
1276 1046 1401 1085 arvis:

234 1103 317 1142 Hoc
350 1104 478 1142 solum
511 1109 595 1154 est,
632 1105 720 1143 istic
753 1104 858 1156 quod
890 1103 1013 1155 liquet
1046 1116 1133 1143 esse
1164 1116 1320 1143 meum.

175 1162 329 1201 Funera
361 1174 439 1201 non
471 1164 582 1213 potui
614 1164 828 1215 comitare,
861 1175 933 1202 nec
966 1175 1114 1215 ungere
1147 1175 1314 1215 corpus:

235 1221 343 1272 Aque
376 1222 455 1260 tuis
487 1226 569 1259 toto
602 1220 753 1260 dividor
786 1220 881 1260 orbe
914 1223 1043 1272 rogis.

178 1280 254 1325 Qui
285 1281 443 1332 potuit,
476 1291 592 1330 quem
625 1285 668 1318 tu
701 1292 771 1330 pro
804 1281 965 1319 numine
998 1281 1108 1319 vivus
1139 1279 1333 1331 habebas,

112 1346 155 1378 50
235 1338 436 1377 Praestitit
468 1338 643 1377 officium
674 1337 864 1378 Maximus
897 1350 1010 1377 omne
1044 1338 1137 1378 tibi.

177 1396 244 1436 Ille
276 1396 349 1435 tibi
380 1397 566 1448 exequias
598 1402 637 1435 et
668 1398 798 1448 magni
830 1398 949 1436 funus
981 1397 1142 1436 honoris

237 1455 375 1508 Fecit,
408 1461 447 1494 et
478 1457 517 1493 in
550 1455 699 1506 gelidos
731 1456 853 1494 versit
885 1467 1035 1494 amoma
1067 1457 1200 1507 sinus,

179 1513 299 1553 Diluit
330 1519 369 1552 et
400 1513 571 1552 lacrimis
604 1526 783 1552 maerens
815 1519 1013 1565 unguenta
1045 1514 1241 1566 profusis,

238 1571 413 1623 Ossaque
447 1573 572 1611 vicina
605 1572 760 1611 condita
792 1574 890 1612 texit
921 1572 1064 1612 humo.

114 1639 156 1671 55
178 1630 253 1676 Qui
284 1632 468 1682 quoniam
502 1632 686 1670 extinctis
719 1643 818 1682 quae
851 1630 968 1670 debet
986 1662 997 1683 ‚
1037 1636 1211 1684 praestat
1243 1632 1400 1685 amicis,

235 1689 286 1728 Et
317 1701 389 1729 nos
421 1691 604 1729 extinctis
636 1689 894 1729 adnumerare
926 1696 1078 1742 potest.

702 1817 757 1866 X.

176 1922 277 1963 Naso
311 1935 382 1963 suo
413 1923 606 1975 profugus
638 1925 758 1964 mittit
789 1923 861 1964 tibi
879 1954 889 1976 ,
922 1923 1060 1964 Flacee
1079 1955 1090 1976 ,
1124 1924 1312 1964 salutem:
1347 1932 1400 1965 533)

235 1981 390 2021 Mittere
422 1994 507 2021 rem
542 1984 666 2033 siquis
685 2014 695 2034 ‚
728 1995 804 2034 qua
836 1988 944 2022 earet
974 1984 1088 2034 ipse,
1120 1988 1273 2034 potest.

175 2039 334 2091 Longus
367 2041 472 2079 enim
505 2042 610 2080 euris
642 2042 821 2080 vitiatum
854 2053 997 2092 corpus
1029 2042 1171 2079 amaris

234 2098 321 2138 Non
352 2100 501 2150 patitur
532 2101 635 2138 vires
666 2100 831 2151 languor
863 2098 1008 2139 habere
1041 2111 1154 2138 suas.

142 2164 162 2196 5
182 2157 263 2196 Nec
295 2157 406 2196 dolor
438 2157 540 2197 ullus
573 2158 712 2211 adest,
743 2171 816 2197 nec
848 2157 1026 2197 febribus
1057 2169 1154 2197 uror
1185 2158 1357 2211 anhelis,

235 2215 285 2255 Et
314 2218 467 2268 peragit
498 2216 602 2256 soliti
633 2229 731 2256 vena
762 2218 912 2256 tenoris
944 2218 1042 2256 iter.

177 2274 230 2313 Os
261 2274 383 2313 hebes
416 2280 505 2327 est,
536 2276 766 2327 positaeque
798 2280 956 2314 movent
987 2275 1140 2314 fastidia
1171 2287 1352 2329 mensae,

235 2332 285 2372 Et
315 2345 490 2386 queror,
522 2335 638 2373 invisi
671 2346 759 2373 cum
793 2335 898 2373 venit
930 2334 1025 2373 hora
1057 2334 1157 2374 cibi.
