1570 2527
217 144 302 185 352
756 145 1009 177 PASTORUM

390 252 561 303 Potaque
596 264 635 290 se
668 252 791 290 Tibur
823 252 937 291 turba
969 252 1097 291 redire
1129 258 1264 304 putat.

332 310 488 361 Iamque
520 322 590 361 per
622 310 815 361 Esquilias
841 311 1051 349 Romanam
1083 312 1295 350 intraverat
1325 311 1487 365 urbem,

391 369 439 407 Et
471 381 582 407 mane
615 371 654 407 in
688 369 812 408 medio
845 369 1017 419 plaustra
1049 369 1158 408 fuere
1191 370 1298 409 soro.

246 436 311 468 685
332 428 533 478 Plautius,
567 432 611 466 ut
642 433 775 477 posset
807 429 936 478 specie
969 439 1212 478 numeroque
1245 435 1420 467 senatum

391 485 538 524 Fallere
558 517 568 537 ,
601 488 779 536 personis
811 487 976 537 imperat
1008 498 1073 524 ora
1105 487 1207 537 tegi,

332 544 606 594 Admiscetque
639 544 732 582 alios
752 576 762 595 ,
795 550 860 594 et,
893 550 936 582 ut
967 544 1071 583 hunc
1102 544 1263 582 tibicina
1295 550 1450 584 coetum

390 603 565 653 Augeat,
598 603 637 640 in
670 602 794 653 longis
827 602 999 641 vestibus
1032 614 1117 641 esse
1150 603 1280 654 iubet3

334 660 397 699 Sic
430 660 596 699 reduces
628 660 726 699 bene
759 672 873 711 posse
906 662 1013 712 tegi,
1045 673 1093 699 ne
1126 661 1226 699 forte
1258 666 1444 700 notentur

245 728 310 758 690
391 718 533 757 Contra
566 718 733 770 collegae
765 721 869 757 iussa
901 719 1049 757 redisse
1082 720 1164 758 sui.

332 777 408 815 Res
440 777 612 828 placuit,
646 777 831 828 cultuque
865 790 963 816 novo
996 777 1090 816 libet
1120 776 1252 816 Idibus
1284 779 1342 816 uti

389 835 438 874 Et
470 848 609 873 canere
642 836 687 874 ad
721 842 872 874 veteres
905 835 1021 874 verba
1052 837 1182 874 iocosa
1213 833 1393 874 modos.'

331 893 434 932 Haec
467 893 534 932 ubi
565 894 798 945 perdocuit,
831 891 1033 945 ‘superest
1064 894 1159 932 mihi
1191 891 1363 933 discere'
1397 894 1476 933 dixi

391 949 490 990 ‘Cur
523 953 572 990 sit
605 952 872 1002 Quinquatrus
904 952 966 990 illa
998 958 1131 990 vocata
1163 949 1290 990 dies.'

245 1019 310 1050 695
333 1007 537 1048 ‘Martius'
570 1011 697 1060 inquit
729 1007 827 1060 ‘agit
861 1010 925 1048 tali
956 1022 1040 1048 mea
1073 1011 1228 1048 nomine
1261 1011 1381 1060 festa,

390 1068 537 1118 Estque
571 1068 643 1106 sub
675 1070 842 1106 inventis
873 1069 969 1106 haec
1002 1080 1157 1118 quoque
1189 1068 1304 1106 turba
1335 1069 1454 1108 meis.

331 1127 461 1165 Prima
494 1126 689 1164 terebrato
722 1139 792 1177 per
823 1138 910 1164 rara
943 1127 1131 1164 foramina
1162 1125 1289 1178 buxo,

392 1185 440 1223 Ut
472 1185 608 1235 daret,
642 1185 780 1235 effeci,
813 1184 905 1222 tibia
938 1184 1050 1235 longa
1082 1196 1221 1222 sonos.

331 1242 411 1281 Vox
443 1242 616 1293 placuit:
661 1243 798 1281 faciem
829 1242 986 1293 liquidis
1018 1242 1282 1282 referentibus
1314 1243 1429 1282 undis

246 1310 311 1342 700
392 1300 477 1339 Vidi
509 1302 701 1352 viigineas
734 1303 966 1340 intumuisse
999 1313 1139 1351 genas.

332 1357 434 1398 “Ars
468 1359 561 1397 mihi
594 1371 671 1397 non
703 1361 800 1397 tanti
833 1365 920 1411 est,
951 1359 1105 1411 valeas,
1137 1371 1223 1398 mea
1254 1356 1410 1398 tibia!''
1444 1359 1545 1398 dixi:

390 1417 545 1468 Excipit
575 1417 763 1456 abiectam
796 1419 964 1469 caespite
996 1419 1080 1469 ripa
1113 1430 1206 1457 suo.

332 1476 532 1515 Inventam
566 1476 726 1527 Satyrus
758 1477 928 1527 primum
959 1477 1153 1528 miratur,
1185 1481 1225 1514 et
1256 1487 1371 1514 usum

391 1534 552 1586 Nescit,
585 1540 624 1572 et
655 1534 825 1572 inflatam
857 1536 979 1572 sensit
1010 1534 1152 1573 habere
1185 1545 1348 1586 sonum3
1401 1574 1405 1575 a

246 1601 311 1632 705
332 1592 381 1631 Et
412 1593 527 1631 modo
561 1592 720 1631 dimittit
752 1593 882 1643 digitis
901 1624 911 1644 ,
943 1593 1057 1631 modo
1090 1594 1260 1643 concipit
1291 1605 1428 1632 auras.

390 1651 546 1701 Iamque
579 1652 682 1689 inter
714 1651 901 1702 nymphas
933 1656 1015 1689 arte
1048 1650 1242 1702 superbus
1274 1656 1380 1690 erat:

332 1709 521 1747 Provocat
553 1716 591 1747 et
622 1709 851 1748 Phoebum.
906 1709 1063 1748 Phoebo
1096 1715 1306 1760 superante
1338 1709 1543 1760 pependit,

392 1767 509 1805 Caesa
541 1774 792 1806 rec-esserunt
824 1780 844 1805 a
875 1774 964 1806 cute
996 1767 1170 1806 membra
1203 1780 1294 1806 sua.

334 1825 427 1864 Sum
461 1831 589 1863 tamen
621 1827 814 1863 inventrix
847 1831 1059 1875 auctorque
1093 1838 1163 1876 ego
1197 1827 1379 1863 carminis
1411 1825 1545 1864 huius.

246 1892 311 1923 710
390 1883 471 1922 Hoc
504 1889 591 1934 est,
625 1895 695 1922 cur
727 1888 883 1921 nostros
915 1895 978 1921 ars
1010 1883 1111 1921 colat
1141 1884 1215 1921 ista
1247 1883 1351 1922 dies.

496 1975 560 2015 14.
592 1973 628 2015 E
655 1973 778 2026 Em]
845 1974 908 2016 15.
939 1973 973 2014 F
1000 1972 1274 2022 dero-F

333 2057 463 2096 Tertia
495 2058 561 2096 lux
593 2060 750 2109 veniet,
783 2070 857 2109 qua
890 2063 961 2109 tu,
994 2057 1144 2096 Dodoni
1175 2057 1358 2109 Thyone,

393 2115 520 2154 Stabis
553 2116 745 2167 Agenorei
776 2117 903 2155 fronte
935 2116 1097 2154 videnda
1129 2115 1259 2154 bovis.
1390 2112 1393 2114 ’

335 2173 437 2212 Haec
471 2181 530 2213 est
560 2174 623 2212 illa
656 2175 767 2226 dies,
800 2186 875 2225 qua
907 2180 949 2213 tu
980 2175 1207 2225 purgamina
1240 2173 1399 2226 Vestae,

392 2232 566 2283 Thybri,
600 2245 670 2284 per
701 2232 887 2271 Etruscas
919 2234 958 2270 in
989 2244 1095 2270 mare
1128 2234 1250 2270 mittis
1281 2244 1423 2283 aquas,

247 2298 311 2328 715
335 2289 452 2340 Siqua
484 2291 579 2329 fides
612 2293 765 2343 ventis,
796 2291 963 2342 zephyro
996 2291 1083 2329 date
1115 2290 1303 2343 carbasa,
1334 2288 1494 2329 nautae!

393 2348 485 2386 Cras
519 2350 646 2387 veniet
679 2351 817 2387 vestris
850 2349 912 2387 ille
946 2349 1142 2388 secundus
1174 2350 1307 2400 aquis.
