1570 2527
597 107 625 140 Ι.
653 114 679 139 v
702 108 839 140 16—vl
858 109 890 140 2.
1367 106 1420 148 13

194 215 236 254 Si
267 227 342 254 vox
372 214 563 266 infragilis
581 246 592 266 ,
624 220 764 266 pectus
796 215 893 254 mihi
924 215 1075 254 firmius
1108 227 1220 268 aere,

192 274 388 325 Pluraque
421 285 511 313 cum
543 273 686 324 linguis
717 272 898 324 pluribus
931 286 999 313 ora
1029 274 1182 326 forent,

128 341 172 371 55
192 332 279 371 Non
310 338 442 372 tamen
472 332 622 371 idcirco
655 332 940 384 complecterer
972 334 1101 372 omnia
1133 332 1286 382 verbis,

193 391 354 430 Materia
385 393 489 430 vires
522 396 782 442 exsuperante
816 403 945 430 meas.

192 450 269 489 Pro
302 450 401 489 duce
433 450 584 489 Neritio
617 449 723 488 docti
753 449 853 488 mala
884 456 1019 489 nostra
1049 455 1188 502 poetae

195 508 394 548 Scribite:
425 509 576 548 Neritio
608 520 698 547 nam
730 508 829 547 mala
860 508 973 560 plura
1006 509 1100 549 tuli.

193 567 260 607 llle
292 567 403 606 brevi
435 569 559 618 spatio
593 567 725 606 multis
759 569 905 606 erravit
935 569 974 607 in
1008 569 1120 607 aunis

128 636 173 667 60
193 626 300 665 Inter
332 625 530 665 Dulichias
562 625 776 677 Iliacasque
809 626 970 666 domos:

193 685 273 724 Nos
306 685 406 723 freta
438 684 635 723 sideribus
667 687 761 724 totis
793 684 975 724 distantia
1006 698 1165 725 mensos

191 742 222 795 †
253 743 401 782 Detulit
433 745 473 782 in
506 743 662 782 Geticos
696 742 1013 794 Sarmaticosque
1047 746 1179 783 sinus.

191 802 259 842 Ille
291 801 429 841 habuit
458 802 653 853 fidamque
685 813 845 840 manum
877 804 1086 853 sociosque
1118 802 1278 842 fideles:

191 861 252 901 Me
284 861 497 912 profugum
529 862 693 900 comites
726 860 938 899 deseruere
971 863 1072 900 mei.

129 929 172 961 65
193 920 261 959 Ille
288 932 399 959 suam
429 919 556 959 laetus
588 921 754 970 patriam
786 920 990 970 victorque
1025 919 1207 971 petebat:

191 980 223 1018 A
255 980 381 1031 patria
412 978 494 1029 fugi
525 980 652 1017 victus
686 984 725 1017 et
757 978 847 1017 exul
880 990 976 1029 ego.

191 1038 272 1077 Nec
303 1037 399 1077 mihi
430 1037 654 1076 Dulichium
686 1037 824 1076 domus
858 1044 918 1076 est
947 1036 1127 1077 Ithaceve
1162 1037 1371 1089 Samosoe,

192 1097 321 1136 Poena
354 1096 498 1148 quibus
528 1108 608 1135 non
640 1102 701 1135 est
732 1096 890 1147 grandis
923 1096 1060 1136 abesse
1092 1096 1212 1148 locis,

194 1156 271 1195 Sed
303 1167 403 1207 quae
435 1155 482 1194 de
515 1161 666 1206 septem
698 1160 824 1194 totum
857 1156 1127 1207 circumspicit
1159 1155 1294 1195 orbem

130 1224 173 1255 70
193 1214 392 1254 Montibus
411 1246 422 1267 ‚
454 1215 611 1265 imperii
641 1213 764 1253 Roma
796 1214 992 1265 deumque
1025 1214 1160 1253 locus.

191 1274 252 1313 Illi
283 1285 426 1324 corpus
458 1279 544 1312 erat
574 1272 718 1312 durum
749 1274 982 1324 patiensque
1014 1272 1215 1312 laborum:

194 1332 386 1371 Invalidae
418 1333 522 1370 vires
552 1333 825 1383 ingenuaeque
857 1332 974 1371 mihi.

192 1391 260 1430 Ille
291 1397 376 1431 erat
406 1390 562 1429 assidue
595 1392 720 1429 saevis
752 1392 919 1441 agitatus
951 1392 992 1429 in
1024 1391 1167 1429 armis:

193 1450 391 1489 Adsuetus
423 1449 562 1488 studiis
594 1448 778 1487 mollibus
809 1451 893 1500 ipse
926 1449 1006 1488 sui.

130 1518 173 1548 75
194 1508 254 1547 Me
287 1509 384 1547 deus
417 1509 642 1559 oppressit,
673 1507 780 1546 nullo
813 1507 912 1546 mala
944 1512 1077 1546 nostra
1109 1506 1285 1546 levante:

194 1567 379 1606 Bellatrix
410 1567 465 1605 illi
497 1566 583 1605 diva
615 1565 765 1605 ferebat
798 1578 935 1618 opem.

193 1625 370 1677 Cumque
396 1627 526 1664 minor
551 1625 640 1663 Iove
667 1627 740 1677 sit,
766 1625 926 1664 tumidis
953 1627 1021 1676 qui
1050 1630 1189 1676 regnat
1214 1626 1254 1663 in
1281 1623 1419 1676 undis,

192 1684 306 1724 Illum
337 1683 538 1736 Neptuni,
570 1695 633 1722 me
665 1683 766 1722 Iovis
798 1685 856 1722 ira
887 1685 1054 1735 premit.

192 1743 329 1795 Adde,
362 1743 466 1794 quod
497 1742 602 1782 illius
633 1754 724 1793 pars
755 1744 922 1781 maxima
954 1743 1042 1782 ficta
1075 1741 1277 1794 laborum:

128 1810 173 1842 80
192 1802 358 1842 Ponitur
388 1803 428 1840 in
461 1803 609 1841 nostris
641 1801 771 1840 fabula
802 1801 908 1840 nulla
943 1801 1077 1840 malis.

190 1861 367 1913 Denique
401 1862 598 1912 quaesitos
631 1861 759 1912 tetigit
790 1866 922 1899 tamen
959 1860 1024 1900 ille
1056 1866 1242 1912 penates,

193 1921 380 1971 Quaeque
412 1920 478 1959 diu
510 1920 653 1972 petiit,
686 1921 851 1970 contigit
881 1931 970 1958 arva
1002 1925 1160 1958 tamen:

191 1980 241 2018 At
271 1979 368 2018 mihi
398 1984 591 2030 perpetuo
623 1979 749 2029 patria
779 1978 921 2017 tellure
954 1978 1167 2017 carendum
1201 1981 1283 2028 est,

191 2038 240 2078 M
271 2039 392 2078 fuerit
421 2037 517 2077 laesi
548 2036 702 2076 mollior
733 2039 792 2076 ira
825 2037 898 2076 dei.

701 2167 781 2214 VI.

191 2273 271 2313 Nec
304 2279 456 2314 tantum
489 2273 616 2313 Clario
648 2272 753 2324 Lyde
787 2272 927 2311 dilecta
958 2277 1117 2323 poetae,

190 2332 271 2372 Nec
302 2338 456 2372 tantum
488 2332 567 2372 Coo
599 2332 715 2371 Bittis
748 2337 872 2370 amata
904 2343 974 2370 suo
1009 2337 1087 2382 est,
