1570 2527
199 90 267 124 XX

200 211 247 237 ex
279 199 491 248 archetypo
522 198 721 246 traditam,
754 197 913 247 eiusque
945 199 1002 237 rei
1033 201 1312 248 argumentum
1341 198 1438 236 mihi
1468 201 1529 238 est

200 257 454 306 interpolatio
487 256 629 294 codicis
661 256 870 305 Argentor.
903 258 943 295 et
972 257 1245 306 posteriorum,
1277 256 1445 295 duorum
1473 257 1530 294 di-

199 316 425 364 stichorum,
459 327 556 365 quae
581 315 697 363 plane
718 314 895 353 referunt
913 315 995 358 illa,
1021 327 1119 364 quae
1138 315 1260 353 Ibidis
1279 317 1370 364 post
1387 328 1424 353 v.
1446 316 1528 353 130

201 376 329 412 erant:
367 374 576 421 utrobique
613 385 661 410 ex
690 384 766 410 uno
799 372 956 411 distichi
986 385 1102 412 versu
1134 373 1315 411 bifariam
1347 373 1528 421 suppleto

199 432 292 469 bina
323 432 489 469 disticha
517 442 693 479 procusa.

317 489 475 527 Lacuna
501 489 670 526 secunda
694 501 764 526 nec
789 489 874 538 ipsa
899 489 940 526 in
965 489 1105 527 Hamb.
1131 489 1343 538 indicatur,
1374 491 1530 527 tantum

199 561 261 586 vv.
296 549 350 585 20
382 548 432 584 ad
462 549 531 596 42,
561 547 704 597 viginti
735 547 823 595 duo,
855 547 912 584 ita
943 547 1089 595 scripti,
1120 549 1166 585 ut
1195 547 1414 585 hexametri
1444 559 1527 585 suc-

199 606 339 643 cedant
369 605 636 654 pentametris.
710 605 751 642 in
787 604 916 643 codice
946 605 1169 643 Monacensi
1204 605 1420 643 vetustiore
1457 605 1527 642 mi-

200 675 330 701 serum
371 665 432 701 est
474 663 805 712 supplementum,
849 663 890 700 in
934 663 1232 712 recentioribus,
1274 665 1371 712 puto
1411 663 1530 701 etiam

199 721 401 770 Argorat.,
433 722 612 760 alterum.

317 780 450 817 Tertio
488 781 572 817 loco
610 779 715 817 edita
757 782 848 817 sunt
884 792 982 829 quae
1014 780 1155 818 Hamb.
1193 780 1330 828 habet3
1376 778 1528 827 punctis

198 838 399 875 finiuntur.
494 837 678 875 librarius
729 838 812 886 ipse
870 838 1231 886 supplementorum
1279 836 1530 885 farraginem,

199 908 317 944 quam
353 895 508 933 novisse
546 895 693 943 potuit,
733 898 935 933 aversatus
975 908 1059 933 esse
1095 895 1267 933 videtur:
1305 906 1442 933 versus
1475 895 1528 933 36

200 953 249 990 ad
274 955 331 991 40
356 954 592 991 rhetoricam
616 953 764 991 habent
795 953 1149 1002 amplificationem,
1175 953 1302 1002 qualis
1325 953 1368 990 in
1392 952 1530 990 Heroi-

200 1012 312 1049 dibus
351 1014 390 1049 et
421 1012 578 1049 Metam.
611 1011 844 1049 dominatur.
918 1011 1228 1060 Hamburgensis
1266 1011 1364 1049 talia
1398 1010 1530 1048 reddit

198 1069 260 1106 III
290 1078 306 1107 I
341 1071 433 1118 109,
465 1069 547 1106 IIII
578 1078 609 1106 X
641 1071 712 1118 21,
745 1069 849 1107 alibi.

315 1127 473 1165 Lacuna
504 1129 645 1176 quarta
675 1140 754 1164 non
784 1130 845 1165 est
876 1128 1012 1165 amissi
1045 1127 1281 1176 pentametri
1318 1129 1387 1165 aut
1418 1126 1529 1164 disti-

200 1185 271 1234 chi,
298 1185 365 1222 sed
386 1186 575 1223 sermonis
594 1188 684 1234 post
702 1197 860 1223 versum
878 1186 989 1222 illum
1011 1185 1245 1224 dehiscentis
1265 1185 1452 1227 defectus,
1472 1184 1529 1222 in-

198 1246 312 1292 tegra
337 1244 385 1280 ab
417 1245 583 1292 utraque
608 1244 721 1291 parte
746 1243 979 1293 paginarum
1005 1255 1198 1292 mensura,
1222 1245 1269 1280 ut
1293 1245 1362 1281 aut
1384 1255 1530 1281 novum

199 1313 356 1338 carmen
375 1313 519 1350 magna
539 1301 768 1339 elocutionis
788 1301 1085 1350 importunitate
1100 1301 1152 1338 sit
1166 1301 1407 1350 ordiendum,
1425 1300 1530 1349 quod

202 1359 360 1407 quidam
391 1359 579 1407 fecerunt,
612 1362 681 1397 aut
707 1359 870 1397 schedae
895 1360 1022 1407 unius,
1053 1359 1287 1409 paginarum
1306 1355 1401 1409 (52)
1422 1353 1529 1408 (53),

199 1417 402 1465 archetypi
440 1417 596 1454 amissio
634 1417 892 1455 informanda.
966 1417 1195 1455 crediderim
1226 1417 1322 1454 duas
1354 1416 1403 1453 ad
1435 1415 1528 1454 Cas-

199 1475 301 1512 sium
333 1474 537 1523 Salanum,
570 1474 636 1524 qui
667 1476 727 1512 est
760 1474 862 1523 apud
893 1475 1064 1512 Plinium
1095 1475 1144 1512 N.
1174 1474 1212 1513 h.
1244 1473 1436 1511 XXXIIII
1460 1475 1529 1522 47,

199 1532 311 1570 datas
356 1532 541 1580 epistolas
588 1532 724 1570 eodem
768 1533 898 1582 aliquo
943 1533 1101 1570 consilio
1145 1532 1409 1581 continuatas,
1453 1544 1528 1580 quo

197 1590 298 1628 libro
330 1590 409 1627 IIII
442 1590 491 1627 ad
524 1590 609 1628 Sex.
636 1590 866 1638 Pompeium
886 1599 953 1628 1111
974 1592 1014 1627 et
1044 1599 1086 1638 V,
1118 1590 1167 1627 ad
1199 1590 1432 1627 Tuticanum
1462 1598 1529 1627 XII

199 1649 239 1685 et
269 1656 373 1685 XIIII
398 1648 527 1685 locum
557 1648 715 1686 habent.

317 1704 461 1749 Quinto
493 1706 534 1742 in
564 1706 648 1743 loco
680 1706 748 1753 qui
772 1717 910 1743 versus
938 1705 1048 1743 deest
1071 1706 1112 1743 in
1137 1705 1267 1743 codice
1292 1705 1528 1755 Monacensi,

199 1762 361 1800 dubium
398 1763 464 1800 Vix
496 1766 571 1811 est,
611 1764 704 1812 quin
735 1763 854 1801 etiam
886 1763 1030 1801 afuerit
1060 1763 1352 1812 Hamburgensi
1382 1765 1422 1801 et
1453 1763 1527 1801 Ar-

197 1821 482 1870 gentoratensi3
515 1822 788 1869 supplementa
820 1824 976 1859 servata
1007 1824 1099 1859 sunt
1128 1822 1170 1858 in
1200 1821 1492 1860 recentioribus.

315 1879 388 1916 His
420 1879 542 1928 igitur
568 1879 857 1917 discriminibus
882 1879 1044 1928 partitio
1070 1880 1242 1928 corporis
1268 1879 1310 1917 in
1335 1879 1527 1918 sectiones

199 1937 384 1984 efficitur,
414 1937 581 1985 primam
612 1945 698 1985 1111,
736 1937 944 1975 secundam
975 1946 1076 1986 XIII,
1109 1938 1269 1975 tertiam
1299 1946 1384 1986 XII,
1412 1949 1527 1986 quar-

198 2002 281 2032 tam
307 2003 412 2043 XIII,
445 1995 622 2043 quintam
646 2003 759 2043 LVII,
792 1998 942 2033 sextam
962 2005 1107 2034 XXXVI
1136 1997 1370 2045 paginarum
1394 1995 1528 2034 arche-

198 2053 301 2101 typi,
346 2065 511 2101 quarum
553 2053 667 2091 unius
711 2054 897 2103 cuiusque
940 2054 1059 2101 idem,
1104 2055 1170 2102 qui
1211 2054 1253 2091 in
1288 2054 1399 2092 Ibide
1440 2053 1528 2102 fuit,

198 2111 336 2147 modus
368 2111 608 2159 perquisitus
645 2112 873 2149 lacunarum
910 2114 950 2150 et
987 2112 1347 2160 supplementorum
1378 2111 1529 2160 aliquot

198 2170 405 2216 praeterea
441 2169 611 2218 vestigia
647 2169 839 2218 proferre,
875 2172 961 2207 tum
998 2170 1312 2218 interpolationis
1348 2171 1528 2207 vetustae

200 2228 269 2263 aut
299 2227 466 2264 recentis
492 2227 658 2264 limitem
683 2228 887 2265 ostendere
912 2228 974 2265 hic
1000 2240 1151 2277 quoque
1177 2228 1334 2276 poterit.
1400 2227 1528 2265 titulis

199 2284 406 2333 librorum,
451 2285 683 2334 ubicumque
726 2286 845 2334 positi
891 2286 1068 2333 fuerunt,
1119 2286 1300 2323 binorum
1343 2296 1529 2324 versuum
