1570 2527
560 113 597 146 V.
626 115 821 146 171-244.
921 134 929 142 ·
1281 112 1363 155 109

200 219 359 259 Dulcior
390 219 454 259 hic
484 221 568 259 risu
600 226 695 259 tunc
727 220 823 260 mihi
853 220 970 260 fletus
1002 223 1099 261 erit,

140 278 263 317 Natus
295 290 336 317 es
367 278 502 318 infelix
521 310 532 331 ,
558 301 601 306 —
627 280 680 318 ita
712 279 751 318 di
783 279 942 318 voluere
969 301 1012 307 —
1039 292 1112 319 nec
1142 280 1220 319 ulla

52 344 120 376 210
200 337 412 376 Commoda
443 339 621 376 nascenti
653 337 764 376 stella
794 338 938 377 levisve
970 338 1067 378 fuit.

140 395 227 434 Non
259 395 389 435 Venus
422 395 596 448 affulsit,
629 408 707 435 non
739 395 803 435 illa
834 396 1010 448 Iuppiter
1041 397 1160 449 hora,

197 453 387 505 Lunaque
424 466 502 494 non
535 460 624 506 apto
657 454 793 506 solque
825 455 935 494 fuere
966 455 1080 507 loco,

139 512 220 552 Nec
253 514 347 552 satis
379 513 529 552 utiliter
561 515 711 565 positos
743 513 813 553 tibi
844 513 1026 565 praebuit
1056 516 1166 565 ignes

199 570 324 616 Quem
355 573 509 624 peperit
541 584 680 623 magno
713 571 841 611 lucida
872 571 971 611 Maia
1002 572 1104 611 Iovi.

51 636 118 668 215
139 629 195 668 Te
226 631 309 668 fera
340 642 413 669 nec
445 632 655 682 quicquam
686 631 882 682 placidum
915 631 1148 682 spondentia
1178 630 1314 671 Martis

200 688 337 727 Sidera
368 695 602 740 presserunt
633 689 878 740 falciferique
911 691 1040 729 senis.

137 745 222 786 Lux
254 759 411 798 quoque
443 747 610 799 natalis,
643 760 691 786 ne
725 748 818 798 quid
850 749 926 786 nisi
957 749 1070 787 triste
1102 748 1279 802 videres,

196 805 341 856 Turpis
373 810 413 844 et
443 805 615 845 induetis
646 805 818 844 nubibus
850 811 934 844 atra
965 806 1062 845 fuit.

137 863 242 903 Haec
275 868 365 916 est,
396 865 436 902 in
469 864 579 903 fastis
612 865 676 903 cui
708 864 773 903 dat
803 866 930 915 gravis
962 864 1059 903 Allia
1090 877 1257 918 nomen,

49 928 117 960 220
197 921 383 974 Quaeque
416 922 500 961 dies
532 922 646 975 lbin,
678 922 834 974 publica
866 922 1004 962 damna
1023 955 1033 975 ,
1065 923 1176 962 tulit.

138 979 213 1026 Qui
244 981 360 1020 simul
391 983 568 1033 impurae
601 983 736 1020 matris
768 981 974 1033 prolapsus
1007 981 1054 1020 ab
1087 981 1170 1020 alvo
1305 992 1359 1024 (11)

197 1039 426 1091 Cinyphiam
457 1040 570 1079 foedo
604 1052 769 1091 corpore
801 1041 947 1091 pressit
977 1040 1164 1093 humum,

139 1097 248 1137 Sedit
279 1100 319 1136 in
352 1098 513 1137 adverso
546 1104 765 1138 nocturnus
798 1098 968 1138 culmine
1000 1099 1129 1152 bubo,

196 1155 457 1208 Funereoque
490 1169 627 1208 graves
659 1157 781 1196 edidit
812 1169 880 1196 ore
913 1170 1052 1197 sonos.

48 1220 116 1252 225
136 1215 323 1254 Protinus
355 1215 594 1255 Eumenides
625 1215 754 1255 lavere
786 1216 1028 1268 palustribus
1059 1217 1199 1269 undis,

196 1272 279 1319 Qua
312 1286 402 1313 cava
434 1274 481 1313 de
515 1274 659 1326 Stygiis
690 1274 856 1314 fluxerat
887 1274 991 1313 unda
1023 1275 1154 1323 vadis,

135 1331 378 1384 Pectoraque
410 1339 611 1372 unxerunt
641 1332 816 1372 Erebeae
847 1333 935 1372 felle
969 1333 1176 1386 colubrae,

194 1390 351 1443 Terque
383 1397 607 1431 cruentatas
638 1393 872 1443 increpuere
905 1403 1066 1431 manus.

137 1448 383 1501 Gutturaque
415 1450 638 1489 imbuerant
667 1451 829 1489 infantia
860 1450 960 1489 lacte
993 1451 1156 1489 canino:

47 1514 116 1546 230
197 1507 269 1547 Hic
301 1509 452 1559 primus
484 1510 598 1559 pueri
630 1510 736 1548 venit
766 1510 806 1547 in
839 1521 907 1547 ora
939 1508 1075 1548 cibus:

135 1566 312 1605 Perbibit
342 1567 432 1606 inde
466 1579 559 1606 suae
591 1566 739 1606 rabiem
772 1568 938 1606 nutricis
969 1567 1174 1619 alumnus,

194 1624 328 1665 Latrat
361 1631 398 1665 et
429 1627 469 1664 in
501 1631 583 1665 toto
616 1625 734 1664 verba
766 1628 903 1665 canina
935 1626 1043 1665 foro.

134 1683 386 1735 Membraque
417 1686 628 1723 vinxerunt
659 1686 793 1723 tinctis
825 1685 1026 1735 ferrugine
1057 1686 1220 1736 pannis,

192 1742 224 1781 A
256 1742 354 1781 male
387 1743 543 1782 deserto
577 1755 675 1794 quos
707 1755 875 1794 rapuere
906 1755 1026 1794 rogo:

46 1807 114 1838 235
135 1799 185 1840 Et
215 1812 264 1839 ne
296 1813 375 1840 non
407 1801 549 1841 fultum
581 1802 684 1841 nuda
716 1802 856 1841 tellure
889 1803 1057 1854 iaceret,

192 1858 306 1898 Molle
339 1872 458 1911 super
490 1859 620 1899 silices
651 1862 864 1911 inposuere
897 1867 1036 1913 caput.

133 1916 292 1969 Iamque
324 1931 553 1958 recessurae
586 1919 701 1958 viridi
733 1919 780 1958 de
812 1920 945 1970 stipite
978 1920 1098 1959 saetas

192 1976 411 2016 Admorunt
442 1977 576 2016 oculos
608 1990 734 2028 usque
767 1977 840 2017 sub
872 1990 940 2017 ora
973 1979 1101 2017 faces.

132 2033 297 2087 Flebat,
328 2041 373 2075 ut
405 2041 465 2075 est
495 2037 623 2076 infans
654 2037 771 2075 sumis
804 2037 1203 2088 contactus'amaris,

44 2100 112 2132 240
190 2093 246 2132 De
279 2093 405 2134 tribus
438 2100 498 2134 est
528 2107 619 2134 cum
650 2096 706 2134 sic
739 2107 816 2134 una
848 2094 977 2134 locuta
1009 2107 1145 2134 soror:

132 2148 320 2203 <Tempus
351 2154 391 2192 in
423 2154 646 2193 inmensum
678 2153 858 2192 lacrimas
890 2153 962 2192 tibi
993 2155 1184 2193 movimus
1216 2155 1334 2207 istas,

191 2209 297 2255 Quae
330 2224 485 2263 semper
518 2224 634 2251 causa
666 2212 887 2250 sufficiente
921 2209 1088 2252 cadent?

131 2267 291 2308 Dixerat
310 2301 318 2309 .
368 2276 407 2310 at
439 2270 576 2310 Clotho
608 2272 725 2309 iussit
755 2272 947 2322 promissa
979 2270 1132 2324 valere,
1294 2280 1350 2312 (12)

188 2326 302 2367 Nevit
333 2335 373 2368 et
403 2330 544 2368 infesta
576 2330 740 2368 stamina
772 2329 876 2381 pulla
908 2341 1048 2382 manu3
