1570 2527
550 116 589 149 V.
618 117 814 150 245-318.
1270 116 1354 156 111

190 222 222 261 A
253 223 352 262 duce
384 222 556 262 Puniceo
589 224 780 276 pertulit,
812 225 896 275 ipse
928 224 1053 263 seras.

132 280 212 320 Nec
243 281 315 320 tibi
347 280 521 320 subsidio
553 294 741 333 praesens
775 284 825 321 sit
856 295 1030 335 numen,
1063 288 1106 322 ut
1138 282 1219 334 illi,

190 339 262 378 Cui
293 339 348 378 nil
379 339 545 379 Rhoetei
576 341 726 392 profuit
757 353 822 379 ara
854 340 977 380 Iovis.

44 406 110 438 285
131 397 260 448 thue
292 397 399 437 dedit
431 398 551 437 saltus
585 399 631 437 de
665 411 815 438 sumnia
848 399 1057 439 Thessalus
1090 399 1209 452 Ossa,

189 456 248 495 Tu
282 469 437 508 quoque
471 469 608 496 saxoso
640 459 899 509 praecipitere
933 460 1046 509 iugo.

46 537 93 542 —
130 515 207 554 Aut
232 515 337 554 velut
362 515 602 567 Eurylochi,
636 518 702 567 qui
729 523 928 568 sceptrum
962 518 1065 568 cepit
1098 517 1144 556 ab
1171 516 1261 570 illo,
1299 525 1357 558 (14)

191 573 277 612 Sint
309 579 417 612 artus
450 574 570 613 avidis
603 575 795 626 anguibus
828 587 916 614 esca
948 577 1029 615 tui.

131 631 198 670 Vel
231 637 296 671 tua
329 638 527 685 maturet,
562 634 663 672 sicut
694 633 836 672 Minoia
869 634 969 685 sata,

43 699 109 730 290
189 690 264 729 Per
297 697 413 742 caput
445 692 597 730 infusae
630 692 804 731 fervidus
836 704 951 731 umor
983 705 1129 743 aquae.

131 748 259 799 thue
291 761 454 800 operum
481 751 586 788 mitis
605 781 615 801 ,
648 750 716 789 sed
749 762 827 789 non
860 752 1043 803 impune,
1070 751 1355 803 Prometheus,

188 808 322 846 Aerias
356 807 535 846 volucres
569 808 755 859 compede
788 809 888 847 fixus
921 809 1022 848 alas.

42 888 95 893 —
129 866 205 905 Aut
236 865 342 904 velut
367 865 594 918 Etracides,
626 878 765 917 magno
792 872 853 905 ter
886 866 932 905 ab
960 867 1128 907 Hercule
1163 870 1323 920 quintus
1343 899 1355 920 ,

189 923 334 963 Caesus
365 926 405 963 in
437 926 660 964 inmensum
691 926 886 976 proiciare
919 926 1088 965 fretum.

42 992 108 1023 295
129 985 206 1022 Aut
237 989 281 1021 ut
312 983 567 1034 Amyntiaden
586 1015 597 1036 ,
630 985 737 1035 turpi
769 984 934 1023 dilectus
968 996 1099 1024 amore

190 1041 354 1093 Oderit,
388 1048 426 1081 et
458 1054 572 1081 saevo
605 1042 785 1082 vulneret
817 1054 910 1081 ense
944 1055 1070 1094 puer.

128 1100 208 1139 Nec
240 1099 313 1139 tibi
344 1099 418 1138 fida
451 1102 571 1151 magis
604 1102 763 1140 misceri
794 1101 933 1152 pocula
965 1104 1140 1154 possint,

189 1159 313 1204 Quam
346 1160 414 1209 qui
446 1161 651 1210 cornigero
685 1159 731 1199 de
764 1159 852 1198 Iove
885 1166 1000 1199 1131115
1034 1166 1140 1200 erat.

129 1217 235 1256 More
270 1216 329 1255 vel
361 1219 531 1256 intereas
565 1220 668 1269 capti
700 1230 917 1269 suspensus
950 1219 1117 1269 Achaei,

40 1284 107 1316 300
190 1276 265 1321 Qui
297 1277 416 1314 miser
448 1276 618 1315 aurifera
650 1282 749 1315 teste
781 1277 968 1328 pependit
1000 1289 1122 1328 aqua,

128 1335 204 1373 Aut
235 1339 280 1373 ut
311 1333 528 1373 Achilliden
547 1367 557 1386 ,
591 1340 754 1386 cognato
788 1337 944 1374 nomine
978 1335 1150 1388 clarum,

187 1392 392 1444 Opprimat
422 1393 553 1432 hostili
586 1394 716 1444 tegula
748 1396 848 1433 iacta
880 1406 1019 1433 manu.

127 1451 207 1490 Nec
240 1458 305 1490 tua
338 1464 453 1502 quam
484 1452 626 1503 Pyrrhi
657 1452 809 1491 felicius
842 1464 929 1491 ossa
962 1454 1191 1505 quiescant,

188 1509 331 1561 Sparsa
362 1522 432 1561 per
459 1510 684 1550 Ambracias
718 1523 816 1561 quae
848 1512 1004 1550 iacuere
1037 1513 1139 1550 vias.

40 1577 106 1608 305
128 1569 302 1619 Nataque
336 1575 379 1607 111
409 1569 596 1607 Aeacidae
629 1570 765 1608 iaculis
799 1571 977 1608 moriaris
1011 1569 1179 1622 adactis,

187 1627 273 1665 Non
305 1627 397 1666 licet
429 1627 502 1666 hoc
535 1627 670 1667 Cereri
703 1628 948 1667 dissimulare
982 1640 1161 1668 sacrum.

127 1685 253 1736 thue
287 1698 409 1737 nepos
442 1686 535 1725 dicti
568 1692 703 1725 nostro
736 1687 851 1725 modo
885 1688 1056 1725 carmine
1089 1689 1219 1739 regis,

187 1744 466 1784 Cantharidum
499 1756 614 1784 sucos
647 1745 762 1784 dante
795 1750 957 1796 parente
991 1745 1124 1784 bibas.

127 1804 203 1842 Aut
234 1805 297 1854 pia
329 1809 367 1842 te
400 1815 513 1842 caeso
546 1803 698 1843 dicatur
731 1804 935 1855 adultera,
969 1806 1071 1843 sicut
1295 1814 1350 1845 (15)

39 1871 106 1902 310
187 1861 270 1907 Qua
303 1861 445 1901 cecidit
476 1861 635 1901 Leucon
666 1862 818 1901 vindice
838 1894 848 1914 ,
881 1863 982 1901 dicta
1014 1864 1075 1914 pia
1109 1870 1190 1902 est.

126 1920 247 1972 Inque
280 1933 414 1972 pyram
447 1926 578 1960 tecum
611 1923 811 1960 carissima
845 1933 1008 1972 corpora
1042 1923 1194 1973 mittas,

187 1979 312 2024 Quem
343 1980 459 2018 finem
492 1981 592 2018 vitae
625 1979 923 2031 Sardanapallus
955 1979 1095 2018 habet.

126 2038 254 2089 thue
287 2037 388 2076 Iovis
419 2037 554 2089 Libyci
586 2038 775 2089 templum
808 2038 951 2076 violare
983 2043 1187 2089 parantes,

185 2098 279 2135 Acta
310 2101 402 2135 noto
437 2096 567 2136 vultus
599 2097 740 2136 condat
772 2096 917 2135 harena
950 2102 1038 2135 tuos
1057 2127 1065 2137 .

37 2163 105 2194 315
126 2155 254 2206 thue
288 2160 515 2194 necatorum
548 2155 663 2194 Darei
695 2155 831 2194 fraude
865 2155 1053 2206 secundi,

186 2214 250 2253 Sic
282 2219 348 2253 tua
381 2213 588 2253 subsidens
622 2214 782 2252 devoret
814 2225 881 2251 ora
914 2214 1034 2252 cinis.

126 2272 203 2311 Aut
235 2278 278 2311 ut
309 2272 484 2311 olivifera
517 2273 711 2323 quondam
746 2271 912 2323 Sicyone
945 2272 1145 2324 111-016610,

186 2330 245 2369 Sit
276 2331 398 2382 frigus
430 2333 568 2370 mortis
601 2343 716 2370 causa
749 2331 948 2382 famesque
981 2337 1092 2370 tuae.
