1570 2527
181 105 235 146 76
732 106 957 138 TRISTIUM

298 214 380 253 Sim
410 214 503 253 licet
534 219 753 252 extremum
774 244 786 265 ,
823 215 925 252 sicut
956 225 1042 252 sum
1061 245 1072 265 ,
1109 215 1254 253 missus
1283 215 1325 253 in
1356 213 1516 267 orbem,

235 281 277 311 10
297 272 440 311 Nostra
474 284 562 311 suas
595 273 697 311 istuc
728 273 904 323 porriget
934 273 991 310 ira
1023 283 1186 311 manus.

299 330 436 369 Omnia
455 361 466 382 ‚
499 332 532 368 si
563 332 692 369 nescis
711 361 722 382 ‚
754 329 894 368 Caesar
925 329 1021 369 mihi
1052 331 1137 369 iura
1169 330 1351 383 reliquit,

297 388 347 427 Et
379 388 458 427 sola
492 394 552 427 est
583 390 706 439 patria
739 400 863 438 poena
895 400 1029 427 carere
1062 400 1170 427 mea.

297 446 347 485 Et
378 448 572 498 patriam,
603 447 718 485 modo
751 448 801 485 sit
833 458 968 497 sospes
988 477 998 497 ,
1030 458 1233 497 speramus
1265 446 1312 486 ab
1342 447 1431 486 illo:

301 505 423 555 Saepe
455 504 555 543 Iovis
587 505 664 544 telo
698 517 868 556 quercus
900 505 1037 543 adusta
1068 506 1191 543 viret.

237 571 278 601 15
300 563 474 614 Denique
507 563 698 602 vindictae
731 564 766 601 si
797 564 848 601 sit
879 562 973 601 mihi
1004 562 1110 601 nulla
1141 562 1327 615 facultas,

298 621 474 660 Pierides
506 623 610 660 vires
642 626 682 660 et
713 633 783 660 sua
814 621 889 660 tela
922 620 1092 660 dabunt.

299 679 411 725 Quod
445 679 636 731 Scythicis
668 679 839 718 habitem
871 679 985 730 longe
1018 684 1236 719 summotus
1268 681 1309 718 in
1340 681 1444 731 oris,

300 738 489 788 Siccaque
523 739 602 777 sint
633 738 757 776 oculis
788 739 964 789 proxima
997 739 1106 788 signa
1136 739 1258 777 meis:

298 796 439 835 Nostra
471 808 542 847 per
572 798 770 834 inmensas
802 795 916 834 ibunt
946 797 1153 847 praeconia
1185 802 1345 848 gentes,

233 862 277 892 20
299 854 490 905 Quodque
525 867 695 906 querar,
727 860 863 892 notum
882 885 893 901 ‚
926 866 1000 904 qua
1033 860 1139 905 patet
1170 854 1276 893 orbis
1294 886 1306 906 ‚
1338 856 1437 893 erit.

298 912 372 951 lbit
403 913 450 951 ad
483 924 664 951 occasum
683 943 694 963 ⁷
727 911 912 963 quicquid
946 912 1150 964 dicemus,
1181 911 1228 950 ab
1260 917 1373 965 ortu,

300 971 429 1009 Testis
462 976 501 1009 et
531 971 734 1021 hesperiae
766 972 872 1008 vocis
905 982 1000 1009 eous
1033 972 1136 1009 erit.

301 1028 426 1067 Trans
459 1041 529 1080 ego
560 1029 770 1081 tellurem,
801 1034 910 1067 trans
942 1028 1036 1067 altas
1068 1028 1202 1068 audiar
1234 1029 1380 1082 undas,

299 1087 348 1125 Et
380 1089 548 1138 gemitus
581 1099 653 1125 vox
686 1095 746 1125 est
776 1098 915 1137 magna
946 1087 1077 1125 futura
1108 1088 1212 1138 mei,

234 1154 277 1184 25
298 1145 378 1184 Nec
410 1150 477 1184 tua
509 1151 547 1184 te
580 1151 732 1184 sontem
764 1145 1032 1184 tantummodo
1066 1144 1219 1184 saecula
1251 1147 1405 1185 norint:

298 1204 516 1254 Perpetuae
550 1206 698 1242 crimen
730 1205 971 1254 posteritatis
1004 1205 1105 1243 eris.

299 1261 377 1300 Iam
409 1262 515 1300 seror
546 1264 586 1300 in
618 1274 767 1313 pugnas
786 1293 798 1313 ,
831 1268 869 1300 et
901 1262 1074 1300 nondum
1106 1274 1253 1301 cornua
1284 1264 1456 1315 sumpsi,

299 1320 378 1358 Nec
411 1320 505 1358 mihi
537 1320 717 1359 sumendi
749 1332 864 1358 causa
896 1321 947 1358 sit
978 1320 1054 1358 ulla
1071 1351 1083 1372 ,
1115 1319 1252 1359 velim.

299 1378 436 1416 Circus
468 1378 595 1417 adhuc
627 1384 782 1429 cessat3
815 1379 961 1429 spargit
994 1384 1122 1417 tamen
1154 1390 1244 1417 acer
1275 1390 1433 1418 arenam

235 1446 278 1476 30
299 1436 452 1475 Taurus
485 1442 523 1475 et
553 1437 695 1475 infesto
729 1438 803 1474 iam
834 1436 932 1486 pede
965 1436 1094 1486 pulsat
1124 1436 1310 1476 humum.

299 1494 381 1533 Hoc
420 1506 605 1547 quoque,
638 1506 752 1545 quam
785 1494 918 1546 volui,
949 1494 1037 1544 plus
1070 1500 1128 1534 est
1147 1525 1156 1535 .
1209 1507 1303 1534 cane
1322 1526 1333 1547 ‚
1364 1494 1495 1547 Musa,

861 1559 1071 1605 receptus,

299 1611 399 1650 Dum
431 1610 523 1650 licet
554 1610 644 1649 huic
676 1623 820 1649 nomen
853 1610 1098 1650 dissimulare
1131 1610 1268 1651 suum!

817 1737 871 1784 X.

298 1842 368 1882 Ille
401 1854 470 1893 ego
505 1843 570 1893 qui
603 1842 744 1880 fuerim
763 1873 774 1893 ,
805 1848 1032 1881 tenerorum
1064 1842 1172 1882 lusor
1204 1855 1403 1896 amorum,

301 1901 425 1947 Quem
457 1901 553 1951 legis
572 1932 583 1952 ‚
614 1906 658 1939 ut
689 1902 826 1952 noris,
858 1902 990 1951 accipe
1023 1903 1256 1952 posteritas.

302 1959 435 1998 Sulmo
468 1958 563 1997 mihi
594 1960 718 2010 patria
751 1965 838 2010 est,
870 1959 1005 2009 gelidis
1038 1959 1261 1999 uberrimus
1295 1960 1431 2012 undis,

301 2017 404 2056 Milia
437 2019 504 2068 qui
536 2018 668 2055 novies
700 2017 817 2055 distat
848 2016 893 2055 ab
929 2016 1029 2055 Urbe
1063 2017 1220 2057 decem.

261 2083 280 2113 5
301 2075 441 2114 Editus
472 2076 534 2114 hic
567 2086 638 2125 ego
671 2087 786 2126 sum3
818 2087 890 2113 nec
922 2087 1000 2113 non
1032 2082 1076 2115 ut
1105 2081 1281 2127 tempora
1312 2077 1443 2128 noris,

303 2133 400 2172 Cum
432 2133 574 2172 cecidit
605 2134 683 2172 fato
716 2133 853 2172 consul
884 2139 1051 2184 uterque
1082 2136 1189 2185 pari.

303 2191 440 2242 Siquid
472 2191 511 2229 id
538 2197 624 2243 est,
656 2203 781 2242 usque
813 2204 833 2230 a
864 2193 1018 2243 proavis
1048 2197 1159 2231 vetus
1191 2192 1340 2231 ordinis
1375 2191 1514 2244 heres,

300 2248 386 2288 Non
419 2249 533 2287 modo
566 2250 745 2288 fortunae
778 2262 940 2289 munere
972 2250 1097 2288 factus
1130 2262 1275 2301 eques.

300 2306 381 2346 Nec
412 2309 533 2358 stirps
564 2309 689 2359 prima
721 2308 806 2360 sui3
838 2310 968 2359 genito
1001 2319 1087 2347 sum
1121 2308 1239 2347 fratre
1272 2314 1426 2348 creatus
1436 2339 1448 2361 ‚

231 2125 249 2140 ‘A
