1570 2527
616 144 658 178 v.
686 145 881 178 446—516.
1329 143 1415 185 325

193 253 281 292 Mox
314 254 431 292 etiam
462 252 633 292 lemures
666 254 813 292 animas
845 253 979 292 dixere
1012 253 1219 293 silentum.

253 311 324 351 Hic
358 323 498 351 sensus
530 311 668 364 verbi,
701 313 758 350 vis
791 324 834 351 ea
867 314 972 351 vocis
1005 317 1110 352 erat.

106 380 173 411 485
195 371 298 409 Fana
332 375 460 409 tamen
494 376 646 409 veteres
677 369 753 409 illis
786 370 962 410 clausere
995 371 1156 423 diebus,

253 429 303 468 Ut
334 442 439 468 nunc
472 430 582 468 ferali
615 433 790 480 tempore
823 436 958 481 operta
990 430 1120 470 vides.

193 488 275 527 Nec
308 488 445 527 viduae
480 488 602 526 taedis
634 488 769 526 eadem
801 501 874 527 nec
907 490 1067 540 virginis
1100 495 1187 540 apta

253 546 446 598 Tempora
467 578 475 586 .
532 559 630 598 quae
662 549 825 599 nupsit,
858 559 935 586 non
968 547 1152 587 diuturna
1185 548 1280 587 suit.

195 606 275 644 Hac
308 618 464 657 quoque
497 605 545 644 de
578 618 723 658 causa,
756 607 788 644 si
820 611 858 645 te
890 606 1097 658 proverbia
1128 612 1316 659 tangunt,

106 673 174 704 490
253 664 387 703 Mense
420 664 538 703 malas
570 664 668 703 Maio
700 664 850 704 nubere
884 665 1019 716 volgus
1052 667 1125 704 ait.

196 723 273 762 Sed
306 729 435 762 tamen
468 723 562 762 haec
595 724 669 762 tria
702 730 795 763 sunt
832 723 905 762 sub
938 724 1076 763 eodem
1111 730 1286 776 tompore
1321 724 1418 763 festa

254 781 361 821 Inter
393 794 435 821 se
467 782 571 821 nulla
603 784 828 821 continuata
861 782 946 821 die.

446 875 511 915 10.
543 872 620 914 BC
694 875 757 915 11.
791 873 823 915 G
849 874 1053 915 LEM-N

195 958 372 1004 Quorum
405 959 437 996 si
470 957 607 996 mediis
639 957 831 996 Boeotum
864 958 1008 997 Oriona
1041 971 1230 1011 quaeres,

256 1016 394 1056 Falsus
426 1018 533 1055 eris.
591 1017 693 1067 signi
725 1029 841 1055 causa
874 1017 1046 1056 canenda
1078 1017 1194 1056 mihi.

109 1083 176 1114 495
197 1075 373 1126 Iuppiter
406 1080 445 1113 et
476 1075 552 1114 lato
585 1077 653 1126 qui
684 1081 822 1126 regnat
854 1077 894 1114 in
927 1087 1097 1127 aequore
1131 1077 1251 1114 frater

256 1133 477 1185 Carpebant
509 1135 634 1172 socias
665 1133 964 1185 Mercuriusque
999 1136 1101 1173 vias.

197 1192 369 1244 Tempus
401 1198 512 1244 erat,
546 1204 623 1243 quo
656 1204 768 1231 versa
799 1194 889 1243 iugo
923 1194 1152 1232 referuntur
1184 1199 1334 1246 aratra,

255 1250 305 1290 Et
336 1263 486 1301 pronus
518 1256 672 1289 saturae
705 1251 763 1289 lac
795 1250 894 1289 bibit
925 1264 1048 1302 agnus
1081 1253 1187 1291 ovis.

197 1309 315 1348 Forte
348 1321 468 1348 senex
500 1308 668 1360 Hyrieus
688 1341 698 1361 ,
730 1311 886 1360 angusti
918 1310 1044 1348 cultor
1077 1310 1212 1362 agelli,

110 1376 178 1409 500
258 1368 338 1406 Hos
370 1368 504 1416 videt,
538 1369 715 1418 exiguam
749 1367 874 1407 stabat
906 1374 950 1407 ut
982 1374 1070 1407 ante
1104 1382 1255 1408 casam.

198 1426 324 1478 Atque
357 1428 410 1465 ita
443 1423 577 1477 ‘longa
611 1428 670 1465 via
702 1432 790 1479 est,
826 1439 897 1465 nec
931 1433 1107 1478 tempora
1139 1427 1252 1478 longa
1285 1440 1421 1479 super-

929 1492 1020 1525 sunt
1053 1483 1064 1500 ⁹

257 1543 361 1582 Dixit
393 1540 453 1583 ‘et
484 1543 706 1594 hospitibus
738 1545 853 1583 ianua
885 1517 1202 1596 nostra'patets

198 1603 356 1641 Addidit
387 1608 426 1641 et
458 1602 604 1641 voltum
637 1603 766 1641 verbis
785 1634 796 1654 7
828 1605 1052 1654 iterumque
1085 1606 1255 1655 rogavit.
1346 1613 1422 1646 (180)

257 1661 400 1699 Parent
432 1663 665 1713 promissis,
698 1661 1023 1713 dissimulantque
1056 1662 1173 1702 deos.

111 1729 177 1759 505
199 1720 318 1758 Tecta
351 1721 456 1758 senis
489 1719 661 1758 subeunt
692 1722 804 1771 nigro
837 1721 1025 1759 deformia
1058 1722 1188 1774 sum03

256 1778 360 1829 Ignis
393 1780 432 1816 in
465 1778 650 1817 hesterno
683 1780 815 1830 stipite
847 1792 991 1830 parvus
1023 1786 1128 1819 erat.

197 1837 284 1888 Ipse
317 1849 421 1888 genu
453 1838 567 1876 nixus
599 1837 773 1876 flammas
806 1840 1019 1878 exsuscitat
1051 1851 1169 1891 aura,

257 1896 306 1934 Et
337 1897 483 1947 promit
515 1908 677 1947 quassas
709 1899 1019 1948 comminuitque
1051 1898 1176 1936 faces.

199 1954 311 1992 Stant
336 1954 507 2006 calices3
540 1956 667 1993 minor
693 1955 783 1993 inde
811 1955 917 1994 sabas
934 1988 944 2007 ‚
972 1956 1084 1994 holus
1111 1956 1209 1994 alter
1235 1956 1422 2006 habebat,

110 2021 178 2051 510
258 2012 307 2050 Et
340 2018 522 2063 spumant
553 2018 657 2052 testu
690 2026 851 2064 pressus
884 2020 1051 2065 uterque
1084 2027 1178 2053 suo,

198 2070 376 2121 Dumque
403 2083 511 2109 mora
538 2077 626 2123 est,
658 2071 824 2110 tremula
851 2072 916 2110 dat
942 2074 1028 2111 vina
1054 2073 1237 2112 rubentia
1263 2074 1421 2113 dextra:

258 2130 409 2180 Accipit
441 2141 660 2180 aequoreus
692 2130 831 2181 pocula
862 2133 987 2182 prima
1020 2132 1137 2171 deus.

199 2188 306 2234 Quae
339 2188 454 2226 simul
487 2188 694 2237 exhausit,
728 2185 796 2227 ‘da
829 2202 934 2229 nunc
966 2190 1073 2230 bibat
1104 2189 1262 2230 ordine'
1296 2192 1394 2231 dixit

257 2243 456 2298 ‘Iuppiter
476 2243 507 2286 .'
565 2247 696 2286 audito
730 2248 866 2298 palluit
897 2249 961 2287 ille
994 2249 1105 2289 Iove.

108 2313 176 2344 515
197 2305 247 2344 Ut
278 2306 396 2344 rediit
428 2307 580 2344 animus
599 2337 610 2358 ‚
642 2306 834 2345 cultorem
866 2309 1050 2359 pauperis
1082 2310 1164 2360 agri

256 2363 433 2402 immolat
465 2371 504 2404 et
535 2377 675 2415 magno
708 2371 834 2404 torret
864 2368 904 2405 in
936 2368 1025 2417 igne
1059 2367 1220 2407 bovem.
