1570 2527
147 755 195 793 In
225 756 298 794 hoc
329 754 528 794 volumine
561 753 646 793 sola
678 753 826 792 Tristia
858 756 968 804 sunt,
1005 767 1106 804 quae
1138 758 1374 805 apparatum

29 814 206 853 criticum
245 815 402 863 qualem
441 815 615 863 oportet,
655 813 828 852 nondum
866 813 1025 852 habent.
1099 815 1297 853 recensuit
1329 827 1375 853 ea

28 873 73 912 R.
105 873 274 911 Ehwald
304 873 366 911 vir
397 872 646 911 doctissimus
677 884 765 910 meo
798 875 952 922 rogatu,
984 872 1181 911 arbitratu
1214 875 1253 911 et
1285 873 1373 912 doc-

27 932 155 970 trinae
187 931 449 970 instrumento
476 944 559 980 suo,
591 931 736 970 collato
762 930 988 969 Florentiae
1016 931 1148 970 codice
1174 932 1373 970 Marciano

28 991 214 1028 lacunoso
242 986 405 1042 (desunt
429 993 563 1039 partes
588 990 608 1028 I
634 999 650 1028 Ι
675 989 725 1028 ad
751 998 781 1028 V
810 992 875 1037 10,
906 989 969 1028 ΙΙΙ
994 999 1061 1029 VII
1087 990 1137 1028 ad
1162 990 1245 1028 IIII
1269 1000 1285 1028 Ι
1309 993 1374 1039 12,

27 1049 110 1086 ΙΙΠ
135 1057 200 1087 VII
229 1051 252 1087 6
280 1049 330 1087 ad
354 1046 490 1101 finem)
524 1050 565 1087 et
596 1048 784 1086 adhibitis
817 1048 864 1086 de
890 1049 1046 1099 integro
1078 1049 1241 1099 aliquot,
1274 1062 1372 1099 quos

29 1119 323 1156 usurpaveram.
397 1108 445 1145 de
470 1108 612 1158 quibus
645 1119 734 1145 cum
767 1108 995 1145 summatim
1024 1108 1101 1146 dici
1125 1121 1204 1146 non
1230 1109 1373 1147 condu—

29 1168 105 1214 cat,
138 1178 210 1204 nec
240 1167 466 1204 ubertatem
497 1166 757 1204 vindiciarum
789 1166 973 1204 editionis
1007 1167 1163 1205 exilitas
1196 1167 1372 1216 recipiat,

28 1224 235 1262 coniuncta
265 1226 362 1263 haec
394 1225 524 1263 omnia
555 1225 633 1263 alio
664 1226 750 1264 loco
781 1225 1012 1274 propediem
1036 1238 1108 1264 nos
1135 1226 1376 1264 demeritura

30 1296 213 1333 auguror.

147 1342 316 1391 Reliqua
346 1342 574 1381 Nasoniana
609 1343 706 1381 haec
737 1342 866 1391 poesis
900 1344 1187 1392 supellectilem
1219 1356 1373 1392 compa-

29 1400 145 1439 ravit.
216 1401 309 1438 libri
351 1403 576 1450 temporum
619 1401 755 1438 ordine
797 1402 1029 1450 plerumque
1068 1402 1266 1450 dispositi,
1312 1415 1375 1440 cu-

29 1459 169 1507 iusque
213 1459 360 1497 saeculi
404 1459 578 1508 aliquam
621 1459 755 1505 multi,
798 1461 843 1496 ut
882 1461 1059 1497 aetatum
1096 1460 1374 1509 proprietates,

29 1517 231 1564 fallaciae,
270 1529 399 1567 nugae
431 1517 701 1555 translatio-iae
735 1520 961 1566 appareant.
1035 1518 1076 1555 in
1107 1531 1183 1567 quo
1216 1519 1374 1568 quidem

28 1587 173 1624 genere
198 1576 297 1613 nihil
323 1576 534 1613 admodum
558 1588 704 1613 novum
730 1576 972 1625 reperietur3
995 1576 1251 1615 confirmatur
1273 1590 1374 1626 quae

28 1633 185 1672 aliunde
222 1634 264 1671 in
299 1635 529 1672 transcursu
566 1636 683 1683 parta
719 1634 862 1672 notitia
893 1635 1056 1672 haerere
1088 1637 1229 1684 potuit.
1305 1637 1373 1674 sed

27 1693 219 1741 notabile,
264 1695 412 1742 quanta
454 1693 495 1730 in
537 1692 598 1730 his
644 1692 799 1741 scriptis
844 1694 1126 1742 aequabilitate
1169 1694 1274 1732 inter
1311 1697 1374 1733 tot

28 1750 254 1789 discrimina
291 1754 332 1789 et
371 1751 606 1789 diverticula
642 1751 846 1800 paradosis
884 1754 1000 1790 vetus
1039 1755 1078 1790 et
1114 1765 1193 1791 una
1229 1754 1371 1802 persti-

27 1811 138 1859 terit,
176 1823 296 1859 quam
331 1810 372 1848 in
409 1810 497 1848 aliis
534 1810 711 1859 graviter
742 1822 972 1848 concussam
1002 1824 1124 1860 prope
1156 1813 1373 1850 etiamnum

26 1869 217 1907 fluctuare
254 1868 445 1907 videmus.
517 1881 609 1906 nam
647 1869 752 1918 quod
788 1869 938 1908 codices
971 1869 1132 1919 quidam
1169 1871 1292 1908 Ibidis
1333 1873 1372 1909 et

25 1928 238 1965 Fastorum
281 1940 379 1965 saec.
411 1940 469 1965 ΧΠ
505 1927 712 1965 discedunt
747 1928 789 1965 in
827 1928 1060 1977 scripturas,
1101 1941 1201 1978 quae
1240 1942 1370 1967 recen-

27 1986 182 2023 sionum
206 1986 426 2034 priscarum
451 1999 535 2025 esse
560 1988 787 2035 potuerunt,
819 1987 929 2024 cuius
955 1989 1090 2025 tamen
1114 1987 1206 2025 fidei
1230 1988 1371 2026 modus

27 2046 88 2082 est
113 2044 326 2094 faciendus,
354 2057 399 2083 ea
424 2057 467 2082 re
494 2045 710 2083 sustentari
734 2045 921 2084 videntur
941 2046 1142 2095 compagis
1162 2046 1370 2085 universae

27 2115 97 2142 eae
129 2114 276 2153 partes,
309 2116 409 2153 quae
441 2106 718 2142 controversae
749 2116 828 2142 non
860 2106 961 2142 sunt.

144 2162 208 2200 Ita
232 2162 288 2210 fit,
319 2165 365 2201 ut
398 2162 510 2212 siqua
540 2163 658 2212 paulo
685 2163 811 2200 acrior
837 2165 876 2201 et
901 2163 1091 2201 intentior
1117 2176 1210 2202 cura
1235 2164 1370 2203 critica

27 2219 76 2257 ad
107 2222 239 2269 partes
265 2224 439 2270 vocetur,
471 2223 557 2259 tota
589 2234 636 2259 ea
667 2221 902 2259 conferenda
928 2211 980 2259 sit
1006 2222 1045 2260 in
1070 2223 1181 2271 hanc,
1215 2235 1313 2272 quae
1347 2236 1370 2260 a

27 2279 181 2317 saeculo
212 2288 253 2328 X,
283 2280 325 2318 in
355 2280 466 2319 Ibide
492 2289 574 2329 XII,
607 2280 812 2329 profluxit,
844 2281 1061 2318 carminum
1092 2281 1368 2320 conformatio-

1037 2346 1086 2381 a*
