1570 2527
163 120 247 161 246
702 117 957 150 FASTORUM

338 229 474 279 Magna
505 227 583 266 dati
615 228 747 265 nutrix
779 227 949 277 praemia
979 225 1090 264 lactis
1122 224 1260 263 habet.

282 287 401 336 [Quid
435 292 537 324 vetat
569 285 731 323 Arcadio
764 284 888 323 dictos
921 296 942 322 a
972 290 1104 322 monte
1136 280 1353 334 lupercos?

339 345 496 383 Faunus
528 345 567 382 in
600 343 761 382 Arcadia
794 342 936 393 templa
968 342 1141 393 Lycaeus
1173 340 1330 390 habet.]
1440 349 1496 382 (53)

194 412 260 443 425
281 403 408 454 Nupta
429 434 439 454 ,
471 402 563 454 quid
598 399 813 453 expectas?
846 413 924 439 non
956 406 998 439 tu
1030 399 1266 450 pollentibus
1299 398 1455 451 herbis,

339 462 418 500 Nec
451 473 567 512 prece
587 492 597 512 ,
630 473 702 498 nec
735 461 882 510 magico
915 459 1086 497 carmine
1121 463 1243 496 mater
1274 458 1376 496 eris.

281 519 427 570 Excipe
460 519 648 558 secundae
682 520 874 569 patienter
907 516 1069 555 verbera
1101 516 1286 568 dextrae,

339 578 418 616 lam
450 590 562 616 socer
595 582 770 628 optatum
802 587 943 614 nomen
976 574 1133 613 habebit
1164 575 1244 613 avi.

280 636 376 675 Nam
410 637 483 674 fuit
514 636 577 674 illa
608 635 691 673 dies
710 667 720 687 ,
753 635 849 673 dura
881 646 970 672 cum
1003 639 1108 672 sorte
1140 634 1300 671 maritae

193 704 261 735 430
341 694 568 733 Reddebant
601 695 703 733 uteri
734 695 896 744 pignora
927 704 1013 730 rara
1046 693 1129 730 sui.

283 751 406 799 ‘Quid
439 750 554 791 milii'
587 751 775 791 clamabat
808 749 990 802 tprodest
1021 751 1198 801 rapuisse
1232 746 1438 801 Sabinas‚'

343 811 531 850 Romulus
564 833 606 837 -
639 810 713 849 hoc
744 810 809 848 illo
843 816 997 860 sceptra
1028 814 1186 847 tenente
1220 808 1293 846 suit
1325 829 1368 834 —

284 871 324 909 Si
357 883 442 908 mea
473 882 550 908 non
583 870 714 920 vires,
747 868 814 907 sed
848 868 992 906 bellum
1024 868 1166 905 iniuria
1198 864 1323 905 fecit?

341 928 481 967 Utilius
514 929 641 966 fuerat
673 939 749 965 non
782 926 963 965 habuisse
995 921 1164 964 nurus.'

195 996 262 1027 435
283 987 413 1026 Monte
445 986 517 1025 sub
549 986 724 1037 Esquilio
757 985 888 1023 multis
919 984 1132 1023 incaeduus
1164 985 1274 1022 annis

340 1045 501 1084 lunonis
533 1057 691 1095 magnae
725 1045 880 1082 nomine
912 1043 1024 1081 lucus
1056 1048 1161 1080 erat.

284 1104 369 1143 Huc
401 1103 468 1142 ubi
499 1109 719 1150 venerunt,
752 1103 898 1153 pariter
931 1106 1153 1151 nuptaeque
1186 1100 1336 1150 virique

344 1161 580 1213 Suppliciter
613 1163 738 1211 posito
772 1159 1016 1211 procubuere
1048 1171 1174 1209 genu:

284 1221 380 1260 Cum
413 1220 542 1259 subito
575 1226 701 1258 motae
734 1225 931 1257 tremuere
964 1218 1165 1256 cacumina
1197 1215 1337 1267 silvae,

196 1288 264 1319 440
343 1279 391 1317 Et
422 1279 492 1317 dea
524 1290 594 1329 per
625 1278 734 1316 lucos
767 1278 863 1315 mira
896 1277 1024 1314 locuta
1056 1287 1170 1314 suos.

285 1335 459 1376 ‘Italidas
491 1332 655 1376 matres’
688 1337 815 1386 inquit
846 1331 977 1373 esacer
1010 1333 1143 1372 hircus
1174 1329 1315 1372 inito.5

346 1396 544 1446 Obstipuit
576 1394 692 1433 dubio
726 1395 862 1432 territa
894 1392 1006 1432 turba
1039 1404 1157 1431 sono.

284 1455 418 1505 Augur
451 1460 562 1505 erat,
595 1465 736 1492 nomen
770 1452 893 1503 longis
925 1451 1121 1490 intercidit
1155 1451 1288 1489 annis:

343 1513 477 1563 Nuper
509 1512 555 1550 ab
589 1511 753 1550 Etrusca
785 1516 946 1549 venerat
976 1509 1065 1548 exul
1096 1509 1239 1548 humo.

196 1580 264 1611 445
286 1572 351 1610 Ille
385 1583 545 1622 caprum
578 1576 747 1608 mactat:
791 1571 919 1608 iussae
954 1580 1023 1607 sua
1053 1574 1162 1618 terga
1195 1566 1342 1618 puellae

344 1629 514 1668 Pellibus
547 1629 714 1667 exsectis
746 1626 999 1679 percutienda
1032 1626 1194 1665 dabant.

285 1688 394 1727 Luna
425 1686 648 1726 resumebat
680 1686 830 1725 decimo
862 1698 957 1724 nova
991 1696 1137 1724 cornua
1168 1690 1298 1735 motu,
1442 1693 1499 1722 (54)

347 1746 486 1796 Virque
520 1751 630 1796 pater
663 1744 791 1783 subito
825 1750 1023 1794 nuptaque
1056 1749 1179 1781 mater
1211 1748 1316 1780 erat.

287 1805 417 1843 Gratia
449 1803 619 1842 Lucinae
640 1834 648 1842 .
705 1803 811 1841 dedit
842 1802 936 1840 haec
969 1802 1039 1840 tibi
1071 1802 1227 1839 nomina
1259 1800 1393 1850 lucus,

197 1871 265 1903 450
344 1864 421 1901 Aut
453 1863 542 1913 quia
574 1862 810 1912 principium
843 1866 914 1911 tu,
946 1860 1045 1911 dea,
1077 1858 1175 1897 lucis
1207 1858 1348 1897 habes.

285 1923 407 1960 Parce
427 1953 437 1972 ,
469 1932 610 1972 precor
629 1952 639 1971 ‚
671 1919 836 1970 gravidis
855 1950 865 1970 ,
900 1918 1020 1957 facilis
1053 1917 1198 1956 Lucina
1217 1948 1228 1968 ‚
1259 1917 1424 1969 puellis,

344 1979 618 2029 Maturumque
651 1985 762 2016 utero
796 1977 962 2016 molliter
994 1977 1103 2015 aufer
1135 1987 1259 2015 onus.

286 2038 380 2077 Orta
413 2038 495 2076 dies
528 2038 674 2089 suerit,
707 2042 749 2075 tu
782 2036 915 2074 desine
948 2035 1108 2074 credere
1142 2035 1287 2086 ventis;

344 2096 519 2135 Perdidit
550 2096 652 2134 illius
684 2096 871 2146 temporis
903 2106 996 2133 aura
1027 2094 1166 2132 fidem.

191 2163 260 2195 455
282 2154 454 2194 Flamina
485 2167 563 2192 non
596 2160 804 2205 constant,
835 2159 875 2192 et
905 2165 973 2191 sex
1005 2156 1177 2191 reserata
1208 2149 1346 2190 diebus

347 2213 523 2252 Carceris
555 2212 678 2251 Aeolii
709 2213 823 2250 ianua
855 2211 937 2250 laxa
969 2216 1095 2262 patet.

286 2271 365 2310 Iam
398 2272 496 2310 lovis
529 2270 683 2321 obliqua
717 2269 892 2309 subsedit
923 2271 1106 2320 aquarius
1138 2279 1259 2307 urna:

345 2329 550 2368 Proximus
583 2329 777 2368 aetherios
809 2330 944 2379 excipe
964 2359 974 2379 ,
1006 2327 1158 2378 Piscis,
1191 2338 1335 2377 equos.
