1570 2527
213 70 270 110 46

769 72 995 105 TRISTIUM

332 179 465 218 Fidam
498 181 674 230 proiecto
707 192 802 219 neve
834 186 973 231 negate
1005 193 1188 221 manum.

331 238 525 289 Prospera
557 239 613 276 sic
645 244 798 277 maneat
829 239 938 278 vobis
971 239 1156 292 fortuna,
1188 251 1261 279 nec
1294 252 1478 293 umquam

332 295 510 335 Contacti
542 296 659 336 simili
690 303 795 336 sorte
827 299 973 349 rogetis
1005 298 1132 337 idem.

854 425 909 472 V.

331 529 433 568 Usus
465 530 658 568 amicitiae
689 535 821 569 tecum
852 529 949 568 mihi
979 542 1122 581 parvus
1141 562 1152 583 ‚
1183 536 1228 570 ut
1258 531 1362 571 illam

330 587 415 626 Non
449 600 564 639 aegre
596 600 732 639 posses
766 588 1040 640 dissimulare,
1074 589 1170 641 fuit,

330 645 410 685 Nec
444 658 505 685 me
538 646 765 697 complexus
797 647 935 686 vinclis
965 647 1218 698 propioribus
1251 660 1358 688 esses

330 704 433 743 Nave
466 717 552 744 mea
583 711 699 744 vento
718 737 730 757 ‚
762 705 893 744 forsan
913 737 923 757 ,
955 711 1072 744 eunte
1106 717 1200 745 suo.

290 772 309 802 5
331 763 381 802 Ut
413 763 566 815 cecidi,
599 765 809 814 cunctique
843 770 950 803 metu
982 765 1119 815 fugere
1151 766 1328 816 ruinam,

332 822 528 872 versaque
561 823 752 861 amicitiae
785 828 894 873 terga
927 823 1069 861 dedere
1102 835 1240 875 meae,

329 881 458 919 Ausus
491 892 533 919 es
565 881 653 930 igne
687 879 786 919 [ovis
818 892 1051 931 percussum
1084 886 1244 932 tangere
1277 893 1421 933 corpus

330 938 380 977 Et
412 938 634 990 deploratae
667 939 785 977 limen
818 939 924 978 adire
958 939 1121 978 domus:

329 997 450 1048 quue
483 1009 622 1036 recens
654 1003 829 1048 praestas
861 1009 933 1036 nec
965 997 1080 1048 longo
1113 999 1293 1048 cognitus
1325 1010 1422 1050 usu,

267 1064 307 1094 10
329 1055 440 1101 Quod
474 1061 649 1094 veterum
682 1057 825 1094 misero
858 1057 920 1094 vix
952 1056 1028 1095 duo
1061 1062 1191 1095 tresve
1221 1056 1339 1096 mihi.

328 1114 415 1153 Vidi
448 1126 517 1165 ego
552 1114 736 1153 confusos
767 1114 926 1166 vultus,
958 1116 1142 1165 visosque
1174 1116 1326 1167 notavi,

330 1173 461 1223 Osque
496 1172 654 1211 madens
685 1172 779 1211 ssetu
812 1172 1072 1224 pallidiusque
1104 1185 1216 1225 meo,

329 1231 378 1270 Et
411 1231 589 1269 lacrimas
622 1243 789 1270 cernens
820 1233 861 1269 in
893 1232 1044 1282 singula
1075 1231 1192 1270 verba
1224 1231 1408 1271 cadentes

329 1290 406 1328 Ore
439 1301 525 1328 meo
559 1289 740 1328 lacrimas
759 1321 770 1341 ‚
802 1289 962 1328 auribus
993 1289 1057 1328 illa
1089 1289 1192 1342 bibi3

267 1356 307 1385 15
329 1347 571 1398 Brachiaque
604 1349 737 1398 accepi
768 1360 904 1399 presso
937 1348 1147 1399 pendentia
1178 1348 1301 1400 collo,

328 1406 378 1445 Et
410 1406 630 1456 singultatis
664 1406 796 1445 oscula
828 1408 947 1445 mixta
979 1408 1108 1445 sonis.

330 1465 425 1504 Sum
453 1476 609 1515 quoque
628 1496 639 1517 ‚
666 1476 754 1503 care
773 1496 784 1516 ,
817 1466 894 1503 tuis
922 1464 1106 1503 defensus
1132 1464 1280 1504 viribus
1307 1465 1469 1505 absens:
1498 1488 1546 1494 —

329 1523 413 1562 Scis
445 1535 579 1562 carum
611 1524 694 1561 veri
724 1524 893 1562 nominis
926 1535 1012 1562 esse
1043 1522 1129 1562 loco
1155 1545 1210 1550 —

327 1581 525 1632 Multaque
557 1587 761 1632 praeterea
793 1582 990 1620 manifesti
1021 1583 1130 1632 signa
1161 1582 1303 1621 favoris

264 1648 307 1678 ‘20
328 1639 561 1678 Pectoribus
594 1644 709 1678 teneo
741 1652 820 1678 non
852 1639 1004 1679 abitura
1034 1641 1155 1678 meis.

327 1698 373 1736 Di
405 1697 476 1736 tibi
507 1709 623 1749 posse
655 1704 744 1736 tuos
778 1697 952 1736 tribuant
984 1697 1194 1737 defendere
1227 1710 1406 1768 semper,

329 1756 435 1802 Quos
467 1757 507 1794 in
540 1757 701 1794 materia
732 1758 982 1807 prosperiore
1014 1757 1148 1795 iuves

330 1815 371 1853 Si
402 1820 531 1853 tamen
563 1815 742 1866 interea,
781 1814 873 1865 quid
911 1816 951 1853 in
982 1814 1043 1853 his
1076 1826 1146 1865 ege
1176 1815 1354 1866 perditus
1386 1817 1464 1854 oris
1492 1837 1545 1843 —

328 1872 440 1918 Quod
472 1879 509 1911 te
542 1872 727 1911 credibile
761 1878 821 1911 est
853 1885 1042 1923 quaerere
1072 1895 1120 1900 —
1151 1875 1336 1926 quaeris,
1368 1886 1499 1926 agam:

263 1940 307 1970 25
330 1931 405 1982 Spe
438 1930 574 1970 trahor
614 1932 751 1981 exigua
770 1962 780 1982 ‚
813 1943 928 1982 quam
959 1937 1002 1970 tu
1040 1931 1136 1970 mihi
1167 1932 1324 1972 demere
1357 1933 1458 1984 noli,

328 1990 472 2029 Tristia
503 1989 618 2028 leniri
649 1990 807 2028 numina
839 2001 955 2040 posse
988 1989 1074 2029 dei.

330 2048 408 2087 Seu
440 2053 588 2086 temere
622 2053 784 2099 expecto
803 2080 814 2099 ‚
846 2050 926 2087 sive
958 2048 997 2086 id
1030 2050 1256 2100 contingere
1290 2049 1346 2087 fas
1378 2055 1459 2099 est,

329 2106 388 2145 Tu
420 2106 545 2158 mihi,
577 2106 681 2157 quod
715 2108 828 2157 cupio
847 2138 858 2158 ‚
891 2107 976 2157 fas,
1009 2119 1149 2157 precor
1168 2138 1179 2157 ,
1212 2118 1298 2145 esse
1329 2106 1474 2159 proba,

329 2165 516 2216 Quaeque
548 2164 619 2203 tibi
650 2164 804 2216 linguae
836 2165 1015 2204 facundia
1034 2197 1045 2217 ‚
1077 2165 1212 2204 confer
1242 2166 1283 2204 in
1314 2165 1434 2218 illud,

264 2232 306 2262 30
327 2222 377 2261 Ut
409 2223 548 2262 doceas
580 2229 714 2262 votum
745 2235 860 2274 posse
894 2223 1019 2262 valere
1052 2235 1205 2262 meum.

329 2280 413 2326 Quo
448 2283 613 2333 quisque
646 2288 706 2321 est
736 2284 888 2335 maior,
920 2283 1041 2333 magis
1075 2287 1134 2321 est
1165 2281 1363 2334 placabilis
1392 2283 1487 2332 irae,
