1570 2527
598 131 657 163 IV.
685 139 711 163 X
732 132 886 164 58-X11
912 133 963 164 18.
1361 128 1447 172 205

283 239 456 291 Coniuge
489 238 670 279 crudeles
702 251 781 277 non
813 238 985 278 habuere
1019 239 1150 278 nefas.

221 299 364 338 Nuntia
396 310 484 337 nam
516 298 646 337 luctus
678 297 773 336 mihi
804 310 931 349 nuper
963 297 1129 349 epistula
1161 298 1291 350 venit3

159 366 201 398 10
281 357 478 408 Lectaque
511 369 599 396 cum
632 357 803 395 lacrimis
836 362 928 396 sunt
960 362 1026 396 tua
1059 356 1197 396 damna
1229 358 1349 396 meis.

223 416 298 455 Sed
332 428 459 467 neque
492 415 609 454 solari
640 415 876 466 prudentem
909 415 1066 454 stultior
1097 417 1244 469 ausim,

280 474 484 525 Verbaque
519 474 724 513 doctorum
757 480 848 513 nota
879 475 1030 513 referre
1062 474 1155 513 tibi:

222 533 474 584 Finitumque
507 540 647 584 tuum,
682 535 713 572 si
746 545 823 571 non
856 535 1036 586 ratione,
1070 533 1244 572 dolorem

280 593 367 644 Ipsa
399 594 475 630 iam
508 592 659 643 pridem
693 594 873 642 suspicor
906 604 991 631 esse
1023 604 1155 631 mora.

160 660 201 691 15
222 651 321 690 Dum
354 657 419 690 tua
452 652 658 702 pervenit,
693 651 784 689 dum
818 651 947 690 littera
979 657 1113 690 nostra
1144 662 1356 690 recurrens

281 710 354 749 Tot
387 712 506 748 maria
539 722 583 748 ac
615 714 742 748 terras
774 716 977 761 permeat,
1010 722 1134 749 annus
1167 710 1269 749 abit.

221 768 426 820 Temporis
459 768 631 807 osticium
664 774 724 806 est
756 768 896 807 solacia
929 768 1060 807 dicere
1093 771 1214 821 certi,

279 827 381 866 Dum
414 826 524 864 dolor
555 829 595 865 in
629 838 748 865 cursu
782 832 842 865 est
873 832 911 865 et
943 829 1041 878 petit
1073 839 1188 878 aeger
1221 839 1357 878 opem.

221 886 270 926 At
302 898 390 925 cum
423 885 537 936 longa
569 885 652 924 dies
685 885 833 924 sedavit
863 885 1024 924 vulnera
1057 887 1223 939 mentis,

157 953 200 985 20
280 944 556 995 Intempestive
591 945 659 995 qui
691 950 818 982 movet
850 944 912 983 illa
933 976 943 995 ,
975 950 1112 983 novat.

221 1004 328 1043 Adde
361 1003 464 1054 quod
491 1025 537 1031 —
562 1009 678 1054 atque
712 1004 859 1051 utinam
892 1015 1027 1042 verum
1060 1003 1156 1042 mihi
1187 1005 1339 1044 venerit

952 1061 1090 1101 omen!
1116 1083 1163 1089 —
1369 1072 1444 1104 (135)

281 1121 470 1172 Coniugio
503 1120 595 1160 felix
627 1122 702 1160 iam
734 1125 847 1172 potes
880 1132 966 1159 esse
998 1133 1121 1160 novo.

721 1249 824 1296 XII.

221 1355 305 1402 Quo
338 1357 468 1396 minus
499 1357 538 1395 in
572 1356 719 1395 nostris
751 1357 937 1407 ponaris,
972 1357 1093 1395 amice
1114 1387 1124 1407 ,
1155 1356 1320 1409 libellis,

279 1415 456 1455 Nominis
489 1416 658 1454 efficitur
690 1414 920 1453 condicione
953 1417 1033 1454 tui.

221 1473 291 1513 Ast
322 1487 392 1525 ego
424 1486 503 1513 non
535 1474 652 1513 alium
685 1475 796 1524 prius
827 1473 902 1512 hoc
934 1473 1117 1525 dignarer
1148 1474 1319 1527 honore,

280 1532 350 1571 Est
383 1533 521 1584 aliquis
554 1538 734 1571 nostrum
767 1533 800 1570 si
831 1532 946 1570 modo
980 1544 1138 1571 carmen
1169 1533 1318 1573 honor.

181 1599 200 1631 5
220 1591 300 1630 Lex
331 1592 442 1643 pedis
474 1592 603 1630 officio
636 1592 871 1642 fortunaque
904 1593 1072 1630 nominis
1104 1591 1254 1644 obstat,

281 1650 443 1702 Quaque
476 1663 585 1689 meos
617 1650 761 1702 adeas,
794 1656 854 1689 est
885 1651 944 1688 via
976 1649 1110 1701 nulla,
1142 1651 1301 1689 modos.

221 1709 316 1748 Nam
349 1709 472 1760 pudet
503 1711 544 1748 in
576 1711 751 1760 geminos
784 1710 837 1748 ita
869 1721 1012 1748 nomen
1045 1709 1225 1748 scindere
1258 1721 1420 1763 versus,

280 1768 438 1807 Desinat
470 1774 513 1807 ut
543 1770 653 1820 prior
684 1767 788 1820 hoc,
820 1769 1061 1818 incipiatque
1093 1769 1243 1807 minor.

219 1826 268 1866 Et
299 1827 472 1878 pudeat,
505 1829 538 1866 si
569 1833 637 1879 te,
671 1838 746 1878 qua
778 1826 920 1877 syllaba
953 1832 1062 1877 parte
1097 1832 1295 1880 moratur,

157 1894 199 1926 10
278 1886 412 1925 Artius
445 1885 635 1937 adpellem
666 1885 981 1936 Tuticanumque
1014 1898 1171 1925 vocem:

219 1944 300 1983 Nec
331 1951 443 1995 potes
475 1946 515 1983 in
539 1940 705 1983 'versum
736 1944 918 1983 Tuticani
949 1956 1058 1983 more
1091 1946 1247 1996 venire,

279 2002 365 2042 Fiat
396 2008 440 2042 ut
473 2015 493 2041 e
525 2003 639 2055 longa
670 2002 816 2054 syllaba
847 2005 972 2054 prima
1004 2003 1159 2042 brevis:

221 2062 296 2100 Aut
328 2062 598 2114 producatur,
631 2075 730 2113 quae
763 2074 867 2100 nunc
901 2064 1121 2113 correptius
1154 2063 1256 2115 exit,

279 2120 327 2160 Et
360 2122 410 2159 sit
441 2126 624 2172 porrecta
655 2121 768 2171 longa
801 2120 972 2159 secunda
1003 2132 1135 2159 mora.

157 2187 198 2218 15
220 2179 289 2218 His
322 2192 392 2231 ego
426 2181 459 2219 si
490 2181 595 2219 vitiis
627 2182 753 2219 ausim
787 2191 1042 2230 corrumpere
1075 2191 1242 2232 nomen,

278 2238 421 2277 Ridear
453 2244 492 2278 et
526 2240 663 2278 merito
697 2243 836 2289 pectus
869 2237 1012 2276 habere
1045 2250 1188 2288 neger.

219 2295 322 2335 Haec
354 2297 448 2336 mihi
481 2309 597 2336 causa
629 2298 703 2336 fuit
736 2296 852 2335 dilati‘
875 2297 1051 2335 muneris
1082 2296 1224 2345 huius,

280 2355 392 2401 Quod
425 2368 535 2395 meus
568 2356 718 2395 adiecto
751 2356 886 2394 fenore
919 2355 1058 2395 reddet
1089 2368 1219 2408 amor,
