1570 2527
594 128 637 160 v.
662 129 860 162 467-539.
1315 127 1399 168 117

177 236 332 288 Quique
363 235 610 288 Lycurgiden
641 236 803 287 letavit,
837 241 876 275 et
906 235 1046 275 arbore
1077 241 1238 289 natum,

233 294 472 346 Idmonaque
505 294 690 333 audacem
709 325 720 346 ,
752 300 791 333 te
824 306 981 345 quoque
1013 302 1171 346 rumpat
1201 307 1317 347 aper.

89 361 155 393 505
175 352 292 405 Isque
323 352 385 392 vel
417 355 605 392 exanimis
637 354 753 391 faciat
785 353 856 391 tibi
887 352 1060 405 vulnus,
1092 360 1136 393 ut
1166 353 1242 406 illi,

236 411 314 451 Ora
346 423 466 463 super
497 412 563 450 fixi
595 423 712 462 quem
744 411 922 450 cecidere
956 413 1061 451 suis.

176 469 265 510 Sive
296 470 431 522 idem,
463 470 580 509 simili
610 471 726 521 pinus
760 482 876 521 quem
909 476 1035 509 morte
1067 472 1259 524 peremit,

237 528 385 580 [Phryx
417 534 456 568 et
486 534 648 567 venator
680 530 733 567 sis
764 528 1068 579 Berecyntiades
1083 528 1109 578 .]

178 587 218 626 Si
250 594 317 627 tua
349 589 559 638 contigerit
589 586 738 625 Minoas
770 589 913 638 puppis
945 587 1136 640 harenas,
1343 595 1401 630 (24)

87 653 154 686 510
235 645 290 684 Te
323 645 584 697 Corcyraeum
618 645 772 684 Cressia
805 645 920 684 turba
952 651 1087 696 putet.

174 703 468 756 Lapsuramque
502 705 660 743 domum
693 704 863 757 subeas,
896 709 940 742 ut
972 706 1129 755 sanguis
1160 704 1328 757 Aleuae,

236 762 337 801 Sella
367 762 634 814 Leoprepidae
667 775 757 801 cum
788 764 870 802 ruit
902 761 1049 813 absque
1084 765 1188 803 viro.

174 820 304 872 thue
335 821 396 859 vel
427 820 588 859 Euenus
607 851 618 872 ,
650 823 820 859 torrenti
850 821 1012 859 ssumine
1044 834 1198 861 mersus

87 887 155 919 514
234 879 398 918 Nomina
431 879 501 918 des
533 879 691 930 rapidae
711 910 721 930 ,
752 879 813 918 vel
845 878 1084 931 Tiberinus,
1116 892 1263 931 aquae.

90 959 140 966 —
174 937 458 989 Astacidaeque
489 938 605 976 modo
638 938 763 977 defixa
796 937 983 977 cadavera
1013 944 1181 991 trunco,

233 996 356 1047 Digna
387 998 482 1035 feris
500 1027 511 1048 ,
543 997 713 1035 hominis
746 998 797 1036 sit
828 1002 945 1048 caput
976 1008 1065 1035 esca
1097 1002 1208 1036 tuum
1227 1029 1239 1049 ,

90 1077 138 1083 —-
175 1055 368 1107 Quodque
394 1055 527 1094 ferunt
551 1054 721 1094 Brotean
748 1055 888 1094 fecisse
915 1055 1098 1106 cupidine
1125 1057 1285 1107 mortiS,

234 1113 310 1152 Des
342 1119 408 1153 tua
441 1125 654 1153 succensae
686 1114 862 1153 membra
894 1114 1102 1152 cremanda
1133 1127 1274 1167 pyrae.

175 1171 434 1223 Inclususque
467 1184 605 1211 necem
638 1184 752 1211 cavea
784 1173 944 1224 patiaris
964 1204 974 1224 ,
1006 1178 1051 1212 ut
1081 1172 1145 1212 ille

87 1239 155 1271 520
233 1230 320 1269 Non
352 1231 600 1282 profecturae
634 1231 813 1270 conditor
844 1230 1057 1271 historiae.

175 1289 303 1340 thue
335 1291 531 1341 repertori
562 1290 699 1328 nocuit
728 1290 918 1341 pugnacis
950 1289 1091 1337 iambi,

235 1347 299 1386 Sic
330 1349 381 1386 sit
412 1350 452 1386 in
485 1349 647 1387 exitium
678 1348 809 1399 lingua
840 1353 1023 1399 proterva
1055 1354 1190 1387 tuum.

174 1405 303 1457 thue
334 1418 474 1457 parum
506 1406 633 1445 stabili
666 1408 734 1457 qui
765 1408 937 1445 carmine
968 1406 1081 1446 laesit
1112 1407 1309 1459 Athenas,

233 1464 385 1504 Invisus
417 1477 555 1516 pereas
588 1465 794 1504 deficiente
827 1464 937 1503 cibo.

87 1531 154 1563 525
174 1523 304 1574 thue
336 1523 440 1574 lyrae
472 1529 580 1562 vates
612 1524 738 1562 fertur
770 1524 934 1574 periisse
968 1535 1150 1576 severae,

237 1582 360 1621 Causa
393 1583 443 1620 sit
474 1584 583 1620 exitii
614 1581 774 1621 dextera
805 1582 908 1620 laesa
939 1584 1020 1622 tui.

175 1641 305 1692 thue
337 1641 642 1691 Agamemnonio
673 1640 816 1679 vulnus
848 1640 955 1679 dedit
986 1643 1123 1692 anguis
1155 1640 1312 1695 Oresti,

235 1699 295 1738 Tu
328 1711 484 1750 quoque
518 1699 565 1738 de
597 1710 732 1738 morsu
764 1700 871 1737 virus
903 1698 1071 1738 habente
1105 1699 1244 1739 cadas.

179 1757 238 1797 Sit
268 1757 340 1796 tibi
372 1758 544 1808 coniugii
576 1770 652 1796 nox
683 1759 807 1809 prima
840 1758 1050 1797 novissima
1080 1760 1204 1797 vitae:

87 1824 154 1856 530
233 1815 395 1868 Eupolis
426 1815 500 1855 hoc
531 1818 649 1868 periit
681 1823 720 1855 et
750 1828 848 1855 nova
879 1823 1002 1868 nupta
1033 1817 1174 1856 modo.

174 1875 303 1926 thue
329 1874 607 1914 cothurnatum
634 1875 823 1914 cecidisse
849 1874 1108 1926 Lycophrona
1132 1882 1314 1928 narrant,
1342 1884 1398 1917 (25)

234 1932 401 1972 Haereat
432 1935 472 1972 in
504 1933 614 1972 fibris
645 1934 719 1972 fixa
752 1935 890 1984 sagitta
922 1935 1025 1974 tuis.

174 1993 252 2032 Aut
282 1992 386 2030 lacer
417 1993 457 2030 in
490 1992 585 2031 silva
616 1991 796 2031 manibus
828 2004 1012 2043 spargare
1044 1998 1226 2045 tuorum,

235 2050 405 2102 Sparsus
435 2056 480 2089 ut
512 2056 572 2089 est
603 2050 748 2089 Thebis
781 2062 905 2100 angue
938 2056 1093 2089 creatus
1126 2063 1219 2089 avo.

88 2116 154 2149 535
174 2109 330 2160 Perque
362 2109 467 2147 feros
499 2114 652 2148 montes
683 2116 795 2148 tauro
827 2110 1003 2160 rapiente
1035 2108 1226 2161 traharis,

232 2167 284 2207 Ut
314 2173 438 2206 tracta
471 2173 531 2207 est
562 2169 732 2206 coniunx
764 2168 975 2218 imperiosa
1007 2167 1128 2218 Lyci.

176 2227 367 2277 Quodque
400 2238 492 2265 suae
524 2238 638 2277 passa
670 2232 731 2265 est
760 2225 896 2277 paelex
927 2227 1046 2265 invita
1078 2227 1249 2279 sororis,

235 2284 398 2324 Excidat
429 2290 518 2323 ante
550 2284 671 2336 pedes
703 2284 835 2335 lingua
866 2290 1018 2323 resecta
1050 2290 1160 2324 tuos.

178 2343 382 2394 [Conditor
414 2350 459 2383 ut
489 2343 620 2382 tardae
641 2373 652 2394 ,
683 2342 844 2382 Blaesus
876 2345 1106 2394 cognomine
1125 2375 1137 2396 ,
1169 2343 1313 2396 Cyrae,
