1570 2527
172 133 257 176 346
711 136 966 170 FAsroRUM

743 277 808 318 10.
839 275 929 318 AN

288 360 337 399 At
370 359 484 399 simul
515 361 653 399 auritis
684 359 806 399 violae
838 359 1049 400 demuntur
1080 359 1231 413 asellis,

200 426 268 458 470
346 417 395 456 Et
427 418 580 458 Cereris
612 418 745 469 fruges
776 430 912 469 aspera
943 430 1033 457 saxa
1063 424 1219 470 terunt,

287 475 422 514 Navita
453 488 583 528 puppe
615 476 756 515 sedens
788 473 1002 528 ‘Delphina
1034 476 1251 515 videbimus
1269 474 1300 528 ,'
1333 478 1460 529 inquit

346 531 503 574 eUmida
535 546 623 574 cum
655 534 768 586 pulso
800 546 876 574 nox
909 536 984 573 erit
1014 540 1099 574 orta
1129 531 1235 574 die.'

635 626 699 667 11.
730 624 766 666 Β
792 624 1042 667 MATR-N

287 708 391 761 Iam,
423 708 581 760 Phryx,
614 721 634 748 a
665 715 786 760 nupta
818 710 995 760 quereris
1013 740 1024 762 ,
1056 708 1252 762 Tithone,
1284 709 1475 762 relinqui,

345 766 394 806 Et
425 767 515 818 vigil
546 768 627 806 eois
657 767 797 807 lucifer
828 769 907 806 exit
937 769 1073 818 aquis:

199 833 267 865 475
287 824 343 864 Ite
361 856 372 876 ,
407 825 530 864 honae
561 831 706 865 matres
725 858 735 877 ,
766 848 812 853 —
841 831 1016 865 vestrum
1048 825 1220 864 Matralia
1251 825 1393 866 festum
1424 848 1471 854 —

344 883 536 935 Flavaque
567 883 772 923 Thebanae
803 884 955 923 reddite
985 883 1062 922 liba
1093 883 1210 923 deae.

286 941 475 981 Pontibus
507 947 547 981 et
578 954 715 993 magno
747 944 878 981 iuncta
910 947 970 981 est
1001 941 1254 980 celeberrima
1286 942 1397 981 Circo

344 1001 472 1052 Area,
504 1012 603 1051 quae
634 1002 761 1052 posito
792 1001 839 1039 de
870 999 968 1038 hove
999 1012 1142 1039 nomen
1173 999 1310 1040 habet.

287 1057 367 1097 Hac
398 1057 452 1097 ihi
484 1057 570 1097 luce
604 1059 735 1097 ferunt
765 1058 934 1097 Matutae
967 1070 1076 1096 sacra
1106 1059 1261 1108 parenti

200 1124 269 1157 480
349 1116 606 1168 Sceptriferas
639 1117 750 1155 Servi
782 1116 923 1167 templa
955 1115 1108 1154 dedisse
1139 1128 1299 1155 manus.

289 1175 396 1221 Quae
429 1175 499 1213 dea
531 1176 609 1226 sit,
643 1186 761 1225 quare
793 1174 954 1213 famulas
986 1186 1007 1212 a
1037 1174 1169 1213 limine
1201 1173 1336 1225 templi

345 1233 485 1271 Arceat
503 1264 514 1284 ,
545 1253 590 1260 -
622 1239 730 1271 arcet
761 1234 865 1271 enim
896 1254 938 1259 —
971 1232 1126 1283 libaque
1156 1237 1257 1272 tosta
1288 1230 1428 1284 petat?

286 1290 465 1343 Bacche,
496 1292 748 1330 racemiferos
779 1291 923 1330 hedera
953 1290 1132 1329 redimite
1165 1291 1351 1342 capillos,

347 1349 388 1388 Si
419 1349 557 1388 domus
588 1349 651 1388 illa
683 1355 749 1388 tua
781 1356 868 1400 est,
900 1349 1023 1400 dirige
1054 1350 1151 1387 vatis
1183 1361 1304 1400 opuS.

199 1415 266 1448 485
287 1408 446 1447 Arserat
476 1407 663 1459 obsequio
697 1407 847 1446 Semele
878 1407 1006 1446 lovis.
1062 1408 1203 1458 accipit
1232 1406 1300 1446 Ino

345 1465 399 1505 Te
430 1478 558 1519 puer,
592 1472 630 1505 et
662 1477 812 1504 summa
843 1465 974 1504 sedula
1008 1467 1132 1504 nutrit
1163 1477 1257 1516 ope.

287 1524 476 1564 Intumuit
506 1525 602 1564 Iuno
621 1556 632 1576 ,
663 1530 816 1575 raptum
850 1524 952 1574 quod
983 1524 1130 1574 paelice
1162 1528 1296 1563 natum

344 1582 524 1622 Educet.
580 1589 619 1622 at
650 1584 807 1632 sanguis
838 1582 901 1621 ille
934 1583 1079 1621 sororis
1112 1587 1216 1620 erat.

286 1640 385 1679 Hinc
417 1643 543 1692 agitur
575 1642 687 1680 furiis
719 1641 901 1679 Athamas
932 1646 972 1679 et
1002 1642 1168 1690 imagine
1199 1639 1316 1691 falsa,

199 1707 266 1739 490
345 1699 483 1750 Tuque
516 1699 620 1738 cadis
652 1701 805 1751 patria,
836 1711 953 1750 parve
984 1698 1185 1751 Learche,
1216 1710 1352 1739 manu.

286 1757 430 1795 Maesta
460 1757 677 1796 Learcheas
707 1762 832 1795 mater
862 1756 1119 1795 tumulaverat
1149 1756 1307 1796 umbras

344 1815 394 1854 Et
424 1815 584 1854 dederat
614 1816 768 1853 miseris
800 1816 929 1853 omnia
958 1816 1059 1852 iusta
1091 1815 1218 1865 rogis.

286 1872 389 1912 Haec
422 1885 576 1924 quoque
595 1904 605 1924 ,
638 1873 813 1911 funestos
844 1878 888 1911 ut
919 1877 1002 1911 erat
1033 1871 1173 1911 laniata
1204 1871 1384 1925 capillos,

344 1931 532 1983 Prosilit,
564 1936 603 1970 et
634 1932 746 1969 cunis
778 1937 816 1969 te
836 1962 846 1982 ,
877 1930 1102 1981 Melicerta,
1133 1931 1257 1981 rapit.

200 1997 264 2029 495
285 1989 355 2028 Est
386 1991 508 2041 spatio
541 1995 739 2028 contracta
771 1988 908 2041 brevi,
939 1989 1038 2027 freta
1069 1987 1160 2027 bina
1190 1987 1366 2041 repellit,

344 2047 506 2099 Unaque
538 2048 715 2099 pulsatur
747 2053 852 2085 terra
882 2046 1033 2085 duabus
1064 2047 1197 2097 aquis.

285 2106 371 2145 Huc
401 2108 508 2145 venit
538 2107 684 2144 insanis
716 2112 849 2144 natum
881 2104 1079 2156 complexa
1110 2104 1290 2156 lacertis,

343 2164 392 2203 Et
424 2176 557 2203 secum
590 2176 610 2203 e
642 2163 745 2202 celso
777 2164 896 2202 mittit
925 2164 965 2201 iu
997 2162 1071 2201 alta
1101 2164 1215 2213 iugo.

285 2221 439 2273 Excipit
469 2222 622 2261 illaesos
653 2222 808 2272 Panope
840 2226 1075 2271 centumque
1107 2231 1285 2268 sorores,

198 2287 264 2319 500
343 2279 392 2318 Et
422 2280 571 2331 placido
604 2280 714 2330 lapsu
744 2291 815 2331 per
847 2290 915 2318 sua
947 2291 1064 2330 regna
1096 2279 1249 2317 ferunt.

283 2337 464 2377 Nondum
495 2338 745 2389 Leucothea,
780 2337 953 2376 nondum
982 2348 1082 2388 puer
1112 2335 1176 2375 ille
1206 2336 1435 2388 Palaemon,
