1570 2527
611 123 671 154 IV.
699 123 894 155 837—905.
1331 120 1416 161 309

254 231 366 270 Nunc
399 231 540 282 decet3
573 243 593 269 a
626 230 757 269 Siculo
789 231 947 269 nomina
979 229 1076 269 colle
1109 236 1266 270 tenent:

196 289 322 340 thue
356 289 568 340 Syracusas
600 289 857 328 Arethusidas
890 288 1051 328 abstulit
1082 290 1200 328 armis

255 347 468 397 Claudius,
501 353 541 387 et
571 347 673 386 bello
706 354 744 386 te
777 360 933 399 quoque
967 349 1100 399 cepit,
1132 347 1259 400 Eryx,

108 414 175 446 875
197 406 376 445 Carmine
409 408 551 445 vivacis
585 405 715 445 Venus
748 412 809 445 est
842 406 1026 445 translata
1059 406 1248 458 Sibyllae,

255 465 377 517 Inque
410 477 503 504 suae
536 466 670 516 stirpis
703 464 837 504 maluit
871 464 973 504 Urbe
1006 465 1102 504 coli.

196 523 274 563 Cur
306 525 425 575 igitur
458 523 620 563 Veneris
653 524 796 563 festum
830 523 976 562 Vinalia
1007 524 1161 575 dicant,

256 582 452 628 Quaeritis
471 615 482 635 ‚
515 588 554 621 et
586 595 706 634 quare
740 583 791 621 sit
822 582 922 621 Iovis
953 584 1027 621 ista
1059 579 1177 621 dies‘?

197 641 355 680 Turnus
374 673 384 693 ,
417 653 465 680 an
497 642 648 680 Aeneas
680 641 809 680 Latiae
843 653 964 692 gener
995 649 1100 680 esset
1132 641 1313 691 Amatae,

108 707 176 740 880
256 699 407 739 Bellum
439 707 552 739 erat:
596 700 784 739 Etruscas
817 700 975 739 Turnus
1008 700 1165 751 adoptat
1196 711 1312 751 opes.

198 758 334 797 Clarus
368 765 451 798 erat
484 761 729 810 sumptisque
764 759 873 797 ferox
906 759 1119 798 Mezentius
1152 760 1294 810 armis,

257 817 307 856 Et
339 818 398 856 vel
432 830 532 868 equo
565 829 758 869 magnus,
791 817 850 856 vel
881 817 979 869 pede
1013 819 1135 856 maior
1168 823 1272 856 erat.

199 875 324 921 Quem
356 875 492 915 Rutuli
524 876 760 926 Turnusque
793 877 874 914 suis
907 877 1100 915 asciscere
1133 881 1297 926 temptat

258 934 440 973 Partibus
461 964 470 973 .
526 934 622 973 haec
655 940 790 973 contra
823 935 900 973 dux
933 936 986 973 ita
1018 934 1171 973 Tuscus
1204 936 1279 973 ait:

111 1001 178 1033 885
201 990 308 1032 ‘Stat
340 993 435 1032 mihi
467 1005 545 1032 non
578 1005 696 1043 parvo
728 994 854 1032 virtus
886 1005 1000 1032 mea:
1046 993 1202 1032 volnera
1235 999 1358 1032 testor

258 1052 454 1103 Armaque
474 1083 484 1103 ‚
517 1064 616 1102 quae
649 1053 775 1103 sparsi
806 1053 995 1103 sanguine
1029 1064 1143 1102 saepe
1177 1063 1286 1090 meo.

200 1110 275 1156 Qui
307 1112 407 1161 petis
440 1110 625 1149 auxilium
645 1142 655 1160 ‚
687 1123 765 1149 non
797 1111 956 1161 grandia
989 1111 1117 1149 divide
1149 1122 1304 1149 mecum

258 1168 435 1207 Praemia
467 1169 514 1207 de
546 1168 709 1207 lacubus
741 1171 917 1220 proxima
950 1176 1076 1208 musta
1110 1171 1209 1208 tuis.

199 1227 311 1266 Nulla
343 1239 452 1266 mora
484 1233 545 1266 est
576 1239 717 1279 operae
738 1258 747 1266 .
796 1233 971 1266 vestrum
1004 1234 1064 1267 est
1089 1228 1180 1267 dare
1201 1260 1211 1280 ‚
1244 1229 1399 1267 vincere

929 1292 1131 1325 nostrum.

112 1354 179 1385 890
260 1345 385 1391 Quam
418 1344 510 1384 velit
541 1345 692 1384 Aeneas
724 1346 797 1383 ista
830 1350 968 1396 negata
1001 1342 1140 1384 mihil'

199 1404 428 1442 Adnuerant
458 1403 622 1443 Rutuli.
678 1403 891 1442 Mezentius
924 1404 1051 1443 induit
1081 1416 1210 1456 arma,

260 1462 390 1501 Induit
421 1462 572 1501 Aeneas
591 1494 602 1514 ,
635 1462 939 1513 adloquiturque
971 1462 1123 1502 Iovem:

204 1518 382 1560 eHostica
415 1521 620 1572 Tyrrheno
654 1527 739 1560 vota
773 1527 832 1560 est
864 1521 1055 1560 vindemia
1087 1523 1193 1572 regi:

258 1580 434 1631 Iuppiter
467 1593 487 1618 e
520 1579 628 1618 Latio
661 1580 818 1631 palmite
852 1586 978 1619 musta
1011 1577 1159 1619 feresl'

112 1647 179 1678 895
201 1637 295 1678 Vota
328 1639 455 1677 valent
487 1638 648 1677 meliora
668 1669 676 1677 .
733 1639 836 1677 cadit
866 1638 1080 1678 Mezentius
1112 1641 1276 1691 ingens,

259 1697 386 1748 Atque
418 1697 634 1748 indignanti
665 1703 824 1748 pectore
858 1697 1005 1748 plangit
1036 1698 1221 1737 humum.

202 1755 368 1795 Venerat
400 1756 622 1794 Autumnus
655 1756 811 1795 calcatis
844 1756 1027 1795 sordidus
1058 1758 1156 1797 uvis:

259 1813 493 1853 Redduntur
525 1816 666 1853 merito
699 1814 827 1853 debita
860 1817 947 1854 vina
979 1815 1081 1854 Iovi.

199 1872 310 1912 Dicta
342 1873 425 1912 dies
457 1872 548 1912 hinc
580 1878 641 1913 est
671 1872 847 1912 Vinalia.
904 1873 1080 1925 Iuppiter
1113 1874 1216 1912 illam

111 1940 179 1971 900
260 1930 468 1983 Vindicat,
500 1937 538 1970 et
570 1931 679 1971 festis
711 1932 854 1983 gaudet
884 1934 1014 1971 inesse
1047 1935 1150 1971 suis.

444 2022 511 2064 24.
543 2021 621 2064 BG
684 2023 751 2064 525.
785 2021 817 2064 Ο
843 2021 1063 2064 ΗΘΒ-Ν)

199 2107 276 2147 Sex
308 2106 375 2146 ubi
393 2138 404 2159 ‚
437 2119 535 2158 quae
568 2112 747 2159 restant,
778 2106 886 2146 luces
918 2107 1061 2159 Aprilis
1094 2107 1277 2161 habebit,

257 2165 301 2205 In
333 2165 461 2205 medio
494 2178 613 2205 cursu
646 2171 824 2216 tempora
856 2167 959 2205 veris
992 2173 1132 2218 erunt,

199 2223 248 2263 Et
279 2225 425 2264 frustra
458 2224 649 2276 pecudem
683 2236 848 2275 quaeres
881 2224 1176 2264 Athamantidos
1209 2224 1363 2277 Helles,

258 2282 454 2334 Signaque
486 2284 580 2322 dant
609 2282 786 2334 imbres,
819 2285 1074 2335 exoriturque
1108 2283 1245 2324 Canis.

109 2350 177 2381 905
198 2341 278 2380 Hac
310 2342 404 2380 mihi
436 2342 628 2381 Nomento
661 2341 823 2381 Romam
856 2354 946 2382 cum
979 2342 1064 2382 luce
1097 2343 1291 2395 redirem,
