1570 2527
596 137 659 169 ΙΙΙ.
689 138 884 169 687—754.
1321 134 1404 175 279

99 255 165 286 720
245 245 294 284 Et
325 245 488 284 domitas
521 251 687 297 gentes,
719 245 859 283 turifer
892 243 1014 296 Inde,
1046 250 1154 283 tuas.

185 304 244 343 Tu
278 315 462 356 quoque,
495 303 701 342 Thebanae
735 303 833 342 mala
865 302 1037 354 praeda,
1070 301 1274 353 tacebere,

914 363 1071 413 matris3

243 420 365 472 Inque
398 426 510 459 tuum
544 420 655 459 furiis
688 425 801 472 acte,
836 419 1011 471 Lycurge
1031 451 1042 472 ‚
1073 431 1198 470 genu.

184 479 286 518 Ecce
318 479 413 518 libet
445 478 595 518 subitos
627 480 755 530 pisces
788 478 1067 530 Tyrrhenaque
1101 483 1273 517 monstra

245 538 411 577 Dicere:
456 537 524 576 sed
556 549 634 576 non
668 543 727 576 est
759 539 942 576 carminis
974 537 1090 575 huius
1123 548 1245 587 opus.

100 604 163 636 725
186 596 376 636 Carminis
409 596 526 635 huius
559 608 657 647 opus
690 608 826 635 causas
858 608 1118 647 expromere,
1152 606 1270 646 quare

244 654 337 694 Vilis
370 667 467 693 anus
499 655 664 706 populos
697 655 744 693 ad
778 667 846 693 sua
880 654 954 692 liba
987 660 1122 692 vocet.

187 714 284 753 Ante
317 719 405 752 tuos
438 719 548 752 ortus
581 725 669 752 arae
702 714 786 752 sine
818 713 966 751 honore
1000 713 1183 764 fuerunt,

244 771 388 824 Liber,
423 777 460 810 et
491 773 531 811 in
563 772 700 823 gelidis
732 771 853 810 herba
886 776 1041 822 reperta
1074 771 1194 809 focis.

187 830 240 869 Te
274 835 491 869 memorant
523 830 653 881 Gange
686 836 846 881 totoque
880 832 1030 868 oriente
1065 829 1226 868 subacto

97 897 165 928 730
245 888 440 928 Primitias
472 900 612 939 magno
645 890 868 944 seposuisse
900 888 1006 926 Iovi.

186 946 370 986 Cinnama
402 953 445 986 tu
477 948 628 997 primus
661 948 889 997 captivaque
922 953 1008 985 tura
1042 946 1184 985 dedisti

244 1005 377 1057 Deque
410 1005 649 1056 triumphato
683 1006 833 1044 viscera
866 1011 966 1044 tosta
999 1004 1117 1043 bove.

185 1063 347 1103 Nomine
380 1064 427 1102 ab
460 1065 632 1103 auctoris
665 1063 814 1103 ducunt
845 1063 1027 1102 libamina
1060 1075 1202 1102 nomen

243 1122 445 1175 Libaque,
478 1122 582 1173 quod
615 1124 737 1161 sacris
768 1134 858 1173 pars
891 1122 1004 1161 datur
1037 1122 1126 1160 inde
1160 1122 1278 1161 focis.

98 1189 165 1221 735
187 1180 280 1219 Liba
313 1181 385 1219 deo
419 1182 545 1233 fiunt,
579 1182 683 1219 sucis
717 1182 806 1232 quia
839 1181 1018 1219 dulcibus
1052 1181 1154 1219 idem

244 1239 423 1291 Gaudet,
456 1245 495 1278 et
526 1252 545 1278 a
578 1239 729 1278 Baccho
763 1239 876 1278 mella
908 1246 1064 1289 reperta
1097 1239 1251 1277 ferunt.

185 1297 268 1337 Ibat
300 1298 493 1336 harenoso
527 1299 667 1349 satyris
701 1299 907 1336 comitatus
941 1297 986 1336 ab
1020 1296 1174 1349 Hebro,
1206 1319 1252 1324 -

243 1356 329 1395 Non
361 1355 478 1395 habet
510 1358 683 1407 ingratos
716 1355 844 1395 sabula
877 1362 1010 1394 nostra
1042 1357 1148 1394 iocos
1181 1378 1226 1382 —

185 1415 343 1466 Iamque
377 1421 461 1454 erat
492 1415 538 1454 ad
572 1415 786 1466 Rhodopen
819 1415 1073 1465 Pangaeaque
1107 1414 1244 1453 florida

914 1480 1096 1523 ventum,

96 1541 164 1573 740
244 1532 443 1572 Aeriferae
477 1533 663 1571 comitum
697 1544 964 1584 concrepuere
998 1544 1157 1570 manus.

184 1591 287 1630 Ecce
319 1603 440 1630 novae
473 1596 617 1630 coeunt
650 1591 828 1630 volucres
860 1590 1067 1629 tinnitibus
1100 1596 1230 1641 actae,

245 1650 431 1701 Quosque
464 1656 621 1689 movent
653 1651 805 1689 sonitus
838 1662 954 1701 aera,
989 1655 1210 1700 sequuntur
1244 1660 1358 1701 apes.

186 1708 340 1759 Colligit
372 1715 549 1748 errantes
582 1713 621 1747 et
652 1709 692 1747 in
724 1709 864 1747 arbore
897 1708 1042 1747 claudit
1074 1709 1180 1746 inani

245 1767 390 1820 Liber,
423 1773 462 1806 et
494 1768 642 1806 inventi
673 1768 846 1818 praemia
879 1766 1003 1805 mellis
1035 1766 1175 1805 habet.

98 1833 164 1866 745
186 1825 236 1865 Ut
267 1828 386 1878 satyri
418 1826 593 1877 levisque
626 1838 746 1865 senex
779 1827 942 1877 tetigere
976 1837 1178 1877 saporem,

245 1884 494 1930 Quaerebant
525 1885 643 1923 ssavos
674 1897 746 1935 per
778 1896 916 1923 nemus
950 1897 1063 1923 omne
1097 1884 1230 1922 favos.

186 1943 304 1982 Audit
335 1945 375 1982 in
407 1955 523 1982 exesa
555 1943 765 1982 stridorem
797 1944 986 1982 examinis
1019 1943 1148 1994 ulmo,

244 2002 394 2052 Aspicit
427 2007 465 2040 et
497 2013 607 2040 ceras
640 2001 938 2051 dissimulatque
971 2013 1114 2052 senex;

186 2059 313 2110 thue
345 2061 455 2111 piger
487 2060 604 2110 pandi
636 2065 745 2111 tergo
779 2059 976 2098 residebat
1007 2059 1138 2110 aselli,

97 2126 164 2158 '750
244 2118 421 2170 Applicat
452 2118 556 2157 hunc
589 2118 694 2157 ulmo
727 2117 1019 2169 corticibusque
1052 2119 1178 2157 cavis.

186 2176 371 2216 Constitit
401 2179 485 2229 ipse
518 2189 638 2228 super
670 2189 822 2216 ramoso
856 2178 988 2228 stipite
1022 2178 1161 2227 nixus,

245 2236 372 2287 Atque
404 2236 512 2275 avide
545 2242 687 2275 trunco
721 2236 874 2274 condita
907 2235 1019 2274 mella
1051 2236 1171 2286 petit.

185 2293 288 2333 Milia
321 2294 556 2334 crabronum
590 2300 761 2346 coeunt,
794 2300 833 2333 et
865 2296 1011 2333 vertice
1043 2294 1148 2332 nudo

246 2352 403 2405 Spicula
434 2354 638 2405 defigunt,
671 2365 816 2404 oraque
849 2354 945 2392 sima
978 2358 1136 2392 notant.
