1570 2527
516 97 579 130 ΙΠ.
606 104 650 129 1v
671 93 802 129 6--1vh
824 98 878 130 75.
1313 93 1371 133 45

140 205 233 245 Vive
266 206 350 245 sine
376 204 520 244 invidia
539 236 550 257 ‚
581 204 800 255 mollesque
832 203 1025 255 inglorius
1057 214 1179 241 annos

140 264 263 315 Exige
283 296 293 316 ‚
325 265 515 303 amicitias
547 270 587 302 et
617 263 689 302 tibi
721 264 839 314 iunge
872 274 1011 314 pares,

77 331 120 362 45
141 323 386 374 Nasonisque
420 323 507 374 tui,
540 321 645 373 quod
677 320 803 360 adhuc
836 333 915 359 non
947 320 1078 359 exulat
1108 331 1258 371 unum,

141 381 293 421 Nomen
325 393 438 421 ama:
481 380 688 432 Scythicus
721 385 852 420 cetera
883 379 1033 419 Pontus
1065 378 1205 419 habet.

645 507 752 558 IVb.

143 616 326 656 Proxima
359 616 555 655 sideribus
586 615 704 655 tellus
737 614 1040 668 Erymanthidos
1072 625 1188 654 ursae

144 675 205 714 Me
238 681 376 727 tenet,
409 675 597 714 adstricto
630 680 737 713 terra
768 681 929 725 perusta
962 674 1074 725 gelu.

144 733 369 785 Bosphoros
402 738 441 772 et
472 734 613 772 Tanais
646 739 835 784 superant
867 733 1127 784 Scythiaeque
1159 730 1322 782 paludes

81 800 125 832 50
146 791 217 831 Vix
248 793 343 831 satis
377 797 416 830 et
447 793 532 831 noti
564 792 720 830 uomina
752 803 876 842 pauca
908 791 1007 829 loci.

146 850 320 890 Ulterius
353 850 450 889 nihil
482 855 543 889 est
574 851 650 888 nisi
682 862 760 888 non
793 849 1004 888 habitabile
1037 849 1187 899 frigus.

146 909 233 949 Heu
266 921 381 961 quam
413 910 540 948 vicina
572 914 632 948 est
664 908 799 947 ultima
832 914 938 947 terra
970 906 1087 946 mihi!

148 969 196 1007 At
225 968 340 1018 longe
372 969 499 1019 patria
531 974 592 1007 est
609 999 620 1020 ,
651 967 765 1018 longe
799 969 1002 1006 carissima
1034 968 1229 1018 coniunx,

148 1026 344 1078 Quicquid
377 1032 417 1066 et
448 1027 544 1066 haec
576 1026 689 1065 nobis
721 1032 811 1077 post
844 1026 920 1065 duo
954 1025 1068 1064 dulce
1101 1026 1200 1064 suit.

84 1094 126 1126 55
143 1086 214 1125 Sic
246 1091 377 1125 tamen
403 1085 499 1125 haec
532 1085 704 1137 adsunt,
736 1091 780 1124 ut
807 1097 906 1136 quae
940 1086 1169 1135 contingere
1209 1095 1287 1122 non
1322 1088 1379 1121 est

149 1145 353 1196 Corpore:
393 1150 485 1184 sunt
517 1146 645 1183 animo
678 1150 819 1183 cuncta
852 1143 1019 1183 videnda
1051 1155 1160 1182 meo.

149 1204 249 1242 Ante
271 1202 406 1242 oculos
427 1210 560 1243 errant
580 1203 743 1255 domus,
768 1202 944 1254 urbsque
971 1207 1011 1241 et
1036 1202 1161 1241 forma
1181 1201 1380 1252 locorum,

149 1262 432 1313 Acceduntque
465 1264 546 1301 suis
580 1261 732 1313 singula
765 1261 866 1301 facta
898 1261 1017 1300 locis.

150 1320 337 1372 Coniugis
370 1327 459 1360 ante
493 1321 627 1360 oculos
647 1352 658 1373 ‚
690 1322 794 1360 sicut
825 1321 1045 1372 praesentis
1065 1351 1076 1371 ,
1108 1321 1234 1370 imago
1268 1324 1350 1357 est.

86 1389 130 1420 60
151 1379 218 1418 Illa
249 1392 358 1419 meos
390 1392 505 1419 casus
537 1381 744 1431 ingravat,
776 1379 841 1417 illa
873 1379 996 1418 levat:

150 1438 331 1490 Ingravat
360 1438 465 1491 hoc,
498 1438 602 1489 quod
635 1437 774 1489 abest3
807 1437 909 1476 levat
939 1437 1014 1475 hoc
1033 1467 1044 1489 ,
1077 1435 1181 1487 quod
1207 1440 1382 1487 praestat

757 1508 930 1534 amorem

153 1555 451 1607 Inpositumque
484 1555 559 1594 sibi
591 1555 703 1593 firma
734 1560 870 1593 tuetur
902 1566 1025 1593 onus.

151 1613 228 1653 Vos
260 1626 416 1665 quoque
448 1613 676 1665 pectoribus
710 1614 855 1652 nostris
887 1612 1060 1651 haeretis
1080 1644 1091 1664 ‚
1123 1613 1260 1664 amici,

153 1673 290 1711 Dicere
324 1685 423 1724 quos
456 1674 572 1723 cupio
606 1673 764 1710 nomine
797 1683 993 1723 quemque
1026 1683 1121 1710 sito.

88 1740 131 1771 65
154 1730 230 1770 Sed
263 1733 380 1770 timor
412 1731 586 1770 officium
605 1732 757 1769 ‘cautus
790 1731 1036 1782 compescit,
1069 1736 1108 1769 et
1139 1731 1246 1781 ipsos

152 1790 196 1828 In
227 1796 363 1829 nostro
395 1792 490 1841 poni
522 1791 695 1829 carmine
728 1789 830 1828 nolle
862 1795 982 1840 puto,

151 1849 251 1887 Ante
283 1848 472 1888 volebatis
491 1880 502 1901 ‚
534 1850 713 1900 gratique
747 1854 831 1887 erat
862 1850 986 1887 instar
1017 1847 1203 1900 honoris,

151 1906 341 1947 Versibus
372 1909 414 1947 in
445 1909 593 1947 nostris
625 1908 783 1946 nomina
814 1912 943 1945 vestra
975 1906 1073 1958 legi.

152 1965 264 2011 Quod
291 1968 475 2017 quoniam
496 1972 557 2005 est
575 1978 744 2017 anceps,
769 1967 872 2004 intra
892 1978 977 2004 mea
1004 1970 1165 2017 pectora
1185 1975 1382 2016 quemque

88 2033 132 2065 70
153 2025 350 2076 Adloquar
369 2057 380 2078 ‚
413 2031 452 2064 et
482 2024 580 2064 nulli
611 2036 728 2064 causa
760 2025 913 2063 timoris
946 2036 1038 2063 ero.

153 2083 233 2122 Nec
265 2096 377 2123 meus
409 2083 555 2123 indicio
588 2083 777 2122 latitantis
809 2095 948 2122 versus
981 2083 1127 2121 amicos

153 2142 381 2182 Protrahit.
432 2142 584 2182 occulte
618 2144 741 2194 siquis
774 2142 955 2193 amabat,
988 2148 1114 2180 amet.

155 2200 260 2240 Scite
292 2208 450 2255 tamen,
483 2202 659 2253 quamvis
692 2200 807 2251 longa
838 2202 998 2251 regione
1030 2204 1207 2239 remotus

153 2259 287 2299 Absim
304 2291 316 2313 ,
347 2273 416 2300 vos
449 2262 577 2300 animo
610 2271 765 2311 semper
798 2259 936 2298 adesse
969 2270 1085 2311 meo3

90 2324 133 2357 75
154 2317 204 2357 Et
235 2330 311 2370 qua
344 2321 512 2372 quisque
544 2323 705 2372 potest,
739 2317 869 2369 aliqua
900 2317 999 2357 mala
1030 2323 1166 2357 nostra
1197 2316 1340 2366 levate,
