1570 2527
615 109 678 141 111.
705 110 878 142 46-119.
1329 104 1413 146 261

194 218 384 257 Iunonem
418 216 556 269 Sparte
588 216 919 267 Pelopeiadesque
951 215 1157 267 Mycenae,

255 276 483 326 Pinigerum
514 275 639 314 Fauni
670 274 854 314 Maenalis
887 286 954 313 ora
986 279 1125 326 caput:

130 343 172 374 85
193 334 296 374 Mars
328 334 437 373 Latio
469 333 716 373 venerandus
748 340 860 385 erat,
894 334 984 384 quia
1016 331 1214 384 praesidet
1245 333 1386 371 armis.

252 393 369 431 Arma
401 393 505 432 ferae
538 394 646 443 genti
677 404 839 443 remque
873 392 1072 442 decusque
1106 390 1269 430 dabant.

196 451 308 498 Quod
341 453 374 490 si
406 452 506 490 forte
538 463 650 490 vacas
669 482 680 502 ,
711 452 942 503 peregrinos
973 451 1123 501 inspice
1156 450 1300 489 fastos:

253 510 398 549 Mensis
429 511 470 549 in
501 510 561 548 his
594 511 710 549 etiam
742 511 899 548 nomine
931 508 1066 548 Martis
1100 509 1198 548 erit.

196 569 355 608 Tertius
385 568 544 607 Albanis
563 601 574 620 ‚
606 570 766 619 quintus
800 568 873 606 fuit
903 567 967 606 ille
999 567 1185 619 Faliscis3

131 635 175 667 90
256 627 399 666 Sextus
431 627 531 678 apud
565 626 729 678 populos
749 657 760 677 ,
792 625 960 665 Hernica
991 633 1096 665 terra
1116 656 1126 676 ‚
1158 632 1270 664 tuoS.

196 684 304 724 Inter
336 686 515 725 Aricinos
547 685 771 736 Albanaque
804 690 982 735 tempora
1014 689 1167 723 constat
1367 704 1415 710 —-

256 743 451 795 Factaque
484 743 670 795 Telegoni
701 745 854 782 moenia
886 743 989 782 celsa
1021 755 1161 781 manu.

197 802 387 848 Quintum
418 802 665 853 Laurentes,
697 802 758 841 bis
791 803 972 852 quintum
1004 800 1244 852 Aequiculus
1277 811 1389 852 acer,

254 861 285 899 A
319 860 446 899 tribus
478 860 583 899 hunc
616 862 786 911 primum
819 859 934 898 turba
965 859 1151 898 Forensis
1182 857 1322 898 habet.

131 927 175 959 95
195 918 246 958 Et
277 918 348 958 tihi
379 930 469 958 cum
501 920 654 971 proavis
673 949 684 970 ,
715 918 827 957 miles
859 917 1070 970 Paeligne,
1105 917 1258 956 Sabinis

257 977 476 1029 Convenit3
508 977 599 1016 huic
631 979 738 1028 genti
771 982 935 1028 quartus
967 978 1126 1027 utrique
1159 976 1280 1014 deus.

196 1036 386 1075 Romulus
419 1036 490 1075 hos
523 1048 659 1075 omnes
692 1042 736 1075 ut
765 1037 942 1074 vinceret
973 1035 1110 1074 ordine
1143 1034 1303 1085 saltem,

259 1094 469 1145 Sanguinis
502 1096 655 1134 auctori
685 1100 862 1145 tempora
893 1095 1019 1145 prima
1050 1093 1178 1132 dedit.

198 1152 279 1192 Nec
310 1153 473 1192 totidem
501 1159 652 1192 veteres
672 1185 682 1205 ,
715 1158 811 1204 quot
842 1165 946 1191 nunc
969 1184 979 1204 ,
1009 1151 1183 1191 habuere
1209 1150 1422 1191 Kalendas:

114 1220 179 1250 100
260 1211 325 1250 llle
358 1213 486 1250 minor
518 1213 683 1262 geminis
715 1210 917 1250 mensibus
950 1223 1075 1249 annus
1108 1217 1212 1249 erat.

198 1269 380 1309 Nondum
411 1270 627 1309 tradiderat
657 1271 778 1309 victas
809 1269 1024 1308 victoribus
1056 1275 1160 1308 artes

259 1328 450 1380 Graecia,
482 1328 694 1368 facundum
713 1359 723 1379 ,
757 1328 825 1367 sed
857 1327 956 1366 male
989 1328 1089 1366 forte
1122 1339 1268 1378 genus.

200 1387 275 1433 Qui
306 1387 406 1426 bene
438 1386 664 1438 pugnabat,
696 1387 909 1425 Romanam
941 1391 1103 1424 noverat
1135 1391 1282 1425 artem:

259 1445 414 1484 Mittere
448 1447 515 1496 qui
546 1452 700 1497 poterat
730 1445 806 1496 pila
825 1476 836 1496 ,
868 1445 1039 1483 disertus
1072 1450 1178 1483 erat.

115 1512 181 1544 105
203 1504 300 1550 Quis
332 1510 426 1543 tunc
459 1508 526 1543 aut
556 1503 709 1555 Hyadas
744 1510 811 1542 aut
841 1503 1016 1542 Pleiadas
1048 1503 1246 1542 Atlanteas

263 1562 478 1614 Senserat,
510 1569 576 1601 aut
608 1564 784 1614 geminos
817 1574 903 1601 esse
936 1561 1009 1600 sub
1042 1573 1111 1600 axe
1142 1558 1288 1612 polos?

199 1621 296 1660 Esse
329 1621 425 1660 duas
457 1621 597 1660 Arctos
616 1652 627 1673 ,
659 1632 825 1672 quarum
858 1621 1058 1671 Cynosura
1089 1625 1245 1671 petatur

259 1679 429 1719 Sidoniis
448 1710 459 1731 ,
490 1679 652 1718 Helicen
685 1679 797 1718 Graia
830 1681 961 1718 carina
993 1683 1131 1731 notet3

200 1737 396 1790 Signaque
429 1750 527 1790 quae
559 1738 674 1789 longo
706 1739 827 1777 frater
858 1743 1090 1789 percenseat
1122 1748 1246 1790 anno,

114 1805 179 1836 110
258 1796 320 1836 Ire
351 1809 423 1848 per
454 1797 550 1836 haec
582 1809 660 1836 uno
693 1808 827 1835 mense
860 1797 1009 1835 sororis
1042 1793 1199 1847 equos?

198 1854 338 1894 Libera
371 1855 584 1895 currebant
616 1860 656 1894 et
686 1855 933 1894 inobservata
964 1866 1036 1906 per
1067 1866 1212 1893 annum

258 1913 422 1953 Sidera.
480 1913 684 1953 constabat
714 1914 782 1953 sed
815 1919 944 1953 tamen
977 1925 1064 1952 esse
1096 1913 1213 1951 deos.

198 1971 284 2010 Non
316 1971 373 2010 illi
405 1972 511 2011 caelo
542 1972 711 2011 labentia
742 1973 851 2023 signa
882 1971 1091 2022 tenebant,

258 2030 334 2069 Sed
368 2042 466 2082 sua,
499 2042 598 2081 quae
630 2042 814 2081 magnum
844 2029 1011 2082 perdere
1044 2031 1192 2068 crimen
1224 2034 1330 2068 erat.

112 2097 177 2129 115
198 2088 265 2128 Illa
298 2089 456 2140 quidem
488 2089 606 2141 fen03
639 2089 707 2127 sed
741 2093 825 2127 erat
855 2089 1075 2127 reverentia
1107 2088 1219 2139 seno,

256 2147 449 2193 Quantam
480 2160 586 2187 nunc
618 2146 767 2198 aquilas
798 2148 928 2186 cernis
959 2146 1104 2186 habere
1137 2152 1247 2186 tuas.

197 2205 350 2245 Pertica
382 2219 596 2258 suspensos
627 2205 809 2258 portabat
839 2205 953 2257 longa
984 2204 1200 2257 maniplos,

259 2263 366 2304 Unde
398 2265 624 2316 maniplaris
656 2266 814 2304 nomina
845 2263 956 2303 miles
988 2263 1127 2303 habet.

197 2322 300 2374 Ergo
333 2325 450 2364 animi
481 2323 670 2363 indociles
703 2329 742 2362 et
773 2322 899 2362 adhuc
930 2324 1082 2362 ratione
1116 2326 1295 2361 carentes
