1570 2527
678 108 724 141 11.
752 109 949 141 635—703.
1395 105 1482 145 253

261 216 499 266 Terminus,
530 222 575 255 ut
606 222 759 255 veteres
791 222 1038 266 memorant,
1078 216 1260 254 inventus
1292 216 1332 254 in
1365 214 1482 267 aede,

173 283 240 315 670
318 274 477 313 Restitit
509 280 548 318 et
579 286 716 325 magno
750 286 839 313 cum
870 274 959 313 love
992 274 1134 325 templa
1167 280 1297 312 tenet.

260 332 373 372 Nunc
406 345 562 384 quoque
581 365 592 385 ,
624 345 665 372 se
699 345 816 384 supra
849 345 897 372 ne
931 332 1023 384 quid
1058 334 1132 371 nisi
1165 332 1292 371 sidera
1325 339 1481 384 cernat,

319 391 511 443 Exiguum
545 391 679 443 templi
711 397 810 430 tecta
845 392 1019 430 foramen
1051 391 1217 430 habent.

261 450 444 490 Termine
464 483 474 503 ,
507 457 595 501 post
625 450 720 489 illud
752 451 887 489 levitas
920 450 990 489 tibi
1022 449 1145 488 libera
1176 461 1255 488 non
1287 455 1365 489 est:

322 509 405 555 Qua
439 512 588 561 positus
622 510 744 548 fueris
775 511 815 548 in
849 511 1043 560 statione,
1077 521 1212 560 mane3

175 576 241 608 675
263 567 343 607 Nec
375 574 417 607 tu
449 570 576 607 vicino
609 570 817 619 quicquam
851 568 1021 607 concede
1054 569 1231 619 roganti,

321 627 376 666 Ne
409 627 564 666 videare
596 627 795 665 hominem
827 628 1101 678 praeposuisse
1133 625 1236 664 Iovi:

262 684 312 724 Et
343 698 412 724 seu
445 685 668 725 vomeribus
688 718 698 737 ,
731 698 799 724 seu
835 692 874 724 tu
907 685 1115 736 pulsabere
1147 686 1308 735 rastris,
1361 718 1367 726 .

322 744 492 783 Clamato
525 741 642 784 esuus
676 751 735 783 est
766 744 829 783 hie
862 757 982 795 ager,
1016 744 1079 783 ille
1111 740 1263 783 tuusl'’

262 802 333 842 Est
364 805 422 842 via
442 835 452 853 ,
485 815 583 854 quae
616 803 805 854 populum
837 802 1054 841 Laurentes
1087 803 1195 841 ducit
1227 804 1265 841 in
1300 814 1436 854 agros,

174 870 242 901 680
323 861 526 907 Quondam
558 861 750 900 Dardanio
784 873 903 912 regna
936 863 1056 912 petita
1088 861 1201 899 duci.

261 919 328 959 Illa
360 920 524 971 lanigeri
555 922 709 971 pecoris
742 919 841 971 tibi,
874 919 1086 971 Termine,
1119 919 1228 958 libris

323 978 442 1018 Sacra
474 979 579 1018 videt
610 979 695 1017 fieri
729 983 862 1017 sextus
895 978 941 1017 ab
975 978 1079 1017 Urbe
1112 978 1232 1029 lapis.

264 1037 472 1087 [Gentibus
506 1044 565 1077 est
597 1038 680 1076 aliis
713 1037 828 1076 tellus
861 1037 947 1076 data
980 1037 1101 1076 limite
1135 1042 1267 1075 certo:

322 1096 516 1135 Romanae
549 1098 717 1147 spatium
750 1102 810 1135 est
841 1095 957 1134 Urbis
990 1102 1029 1134 et
1060 1095 1166 1134 orbis
1199 1095 1301 1134 idem
1319 1094 1344 1144 .]

593 1188 660 1228 24.
693 1187 730 1229 G
761 1186 1038 1229 REGIF-N

176 1280 242 1312 685
263 1273 375 1312 Nunc
408 1272 501 1311 mihi
534 1272 697 1311 dicenda
730 1278 789 1310 est
820 1273 924 1322 regis
957 1272 1075 1322 fuga.
1126 1272 1242 1310 traxit
1274 1270 1321 1310 ab
1353 1270 1417 1310 illa

324 1331 466 1370 Sextus
498 1331 545 1370 ab
578 1337 752 1370 extremo
786 1332 943 1369 nomina
975 1342 1109 1368 mense
1142 1330 1249 1369 dies.

263 1389 405 1429 Ultima
437 1390 675 1441 Tarquinius
708 1389 904 1428 Romanae
936 1390 1063 1440 gentis
1097 1388 1262 1427 habebat

322 1448 454 1500 Regna
473 1481 484 1501 ,
515 1451 573 1487 vir
605 1450 775 1487 iniustus
795 1480 806 1501 ,
838 1449 950 1487 fortis
983 1448 1029 1486 ad
1063 1459 1169 1486 arma
1200 1452 1354 1486 tamen.

263 1506 428 1558 Ceperat
459 1507 523 1546 hic
556 1506 648 1546 alias
668 1538 678 1558 ,
711 1507 802 1546 alias
835 1512 1028 1546 everterat
1060 1506 1202 1558 urbes,
1430 1515 1485 1547 (65)

177 1574 244 1606 690
325 1566 372 1605 Et
404 1565 546 1604 Gabios
578 1567 682 1617 turpi
718 1567 864 1604 fecerat
895 1572 977 1604 arte
1011 1577 1125 1604 suos.

263 1624 437 1676 Namque
470 1626 589 1664 trium
622 1626 835 1676 minimus,
868 1624 998 1676 proles
1031 1625 1237 1662 manifesta
1270 1622 1462 1676 Superbi,

323 1683 366 1722 In
399 1683 549 1722 medios
580 1683 714 1722 hostes
747 1690 861 1722 nocte
895 1683 1033 1721 silente
1066 1685 1192 1721 venit.

263 1741 465 1782 Nudarant
496 1742 673 1793 gladios:
719 1738 927 1781 ‘occidite'
961 1741 1058 1781 dixit
1090 1738 1325 1793 ‘inermem‚

322 1801 404 1840 Hoc
437 1803 596 1853 cupiant
628 1802 769 1840 fratres
802 1801 1118 1852 Tarquiniusque
1151 1807 1284 1852 pater,

176 1868 243 1900 695
263 1859 340 1905 Qui
371 1872 454 1899 mea
489 1860 639 1900 crudeli
670 1861 853 1899 laceravit
884 1859 1048 1898 verbere
1081 1856 1234 1910 terga.'

323 1918 461 1958 Dicere
493 1925 538 1958 ut
569 1919 642 1958 hoc
675 1925 838 1970 posset,
869 1918 1034 1957 verbera
1066 1930 1204 1969 passus
1236 1923 1344 1956 erat,

265 1976 372 2016 Luna
405 1978 501 2016 fuit:
546 1983 725 2028 spectant
755 1979 966 2029 iuvenem,
993 1976 1218 2027 gladiosque
1246 1976 1486 2029 recondunt,

323 2035 556 2087 Tergaque,
589 2035 757 2074 deducta
787 2041 924 2086 veste,
956 2040 1087 2074 notata
1120 2035 1273 2073 vident:

264 2093 377 2133 Flent
403 2106 585 2146 quoque,
613 2099 653 2133 et
678 2100 721 2133 ut
747 2106 882 2133 secum
912 2099 1071 2133 tueatur
1096 2093 1223 2146 bella,
1251 2100 1485 2145 precantur.

177 2161 245 2192 700
323 2153 493 2192 Callidus
525 2154 672 2204 ignaris
705 2153 841 2192 adnuit
871 2152 934 2191 ille
967 2154 1083 2191 viris.

263 2211 421 2263 Iamque
453 2218 592 2264 potens
612 2244 622 2263 ,
654 2213 773 2250 misso
806 2213 1024 2263 genitorem
1057 2211 1224 2263 appellat
1256 2214 1403 2265 amieo,

323 2270 518 2310 Perdendi
551 2270 692 2309 Gabios
726 2271 829 2321 quod
863 2270 936 2309 sibi
969 2276 1161 2309 monstret
1192 2272 1290 2310 iter.

263 2328 410 2368 Hortus
442 2329 614 2369 odoratis
647 2329 807 2369 suberat
838 2329 1079 2369 cultissimus
1111 2329 1268 2381 herbis,
