1570 2527
181 105 268 147 264
725 104 978 137 FASTORUM

359 214 574 264 Iugeraque
607 212 746 252 inculti
776 224 898 264 pauca
930 218 1065 252 tenere
1098 212 1192 252 soli.

301 272 397 311 Cum
428 283 521 323 pare
554 283 732 322 quaeque
759 283 830 310 suo
857 277 999 310 coeunt
1024 270 1281 323 volucresque
1308 273 1514 326 feraeque,

359 330 485 380 Atque
518 329 683 380 aliquam
704 361 714 381 ,
746 329 793 368 de
826 342 900 381 qua
931 335 1140 382 procreet,
1173 332 1309 382 anguis
1340 331 1479 371 habet.

216 397 282 428 195
302 388 498 427 Extremis
531 388 672 427 dantur
704 387 869 427 conubia
900 387 1111 439 gentibus:
1155 394 1194 427 at
1225 401 1322 440 quae

360 446 532 485 Romano
564 446 679 485 vellet
710 446 859 485 nubere
878 477 889 496 ,
920 446 1024 485 nulla
1057 446 1152 485 fuit.

302 504 479 557 Indolui,
511 506 754 556 patriamque
786 504 876 543 dedi
908 504 1007 556 tibi,
1039 504 1202 544 Romule
1222 536 1232 556 ,
1264 511 1456 546 mentem.

361 559 505 602 “Tolle
537 575 675 614 preces
693 560 736 615 ‚³³
767 562 845 601 dixi
879 559 1019 613 “quod
1051 564 1152 613 petis
1184 575 1289 602 arma
1315 564 1461 603 dabunt
1476 561 1515 603 .''

302 621 417 660 Festa
448 626 558 673 parat
590 620 745 660 Conso.
778 641 822 648 —-
854 620 1005 660 Consus
1037 620 1108 660 tibi
1139 627 1269 661 cetera
1301 622 1428 674 dicet,

213 688 282 720 200
361 678 429 718 1110
462 680 562 718 facta
594 679 656 718 die
687 679 780 718 dum
813 691 882 718 sua
913 691 1022 718 sacra
1054 691 1191 719 canes.

302 737 528 777 Intumuere
562 737 685 776 Cures
717 744 757 776 et
787 750 884 788 quos
916 737 1026 776 dolor
1058 739 1184 789 attigit
1215 738 1340 778 idem.

362 796 461 835 Tum
494 797 664 847 primum
696 797 852 847 generis
883 796 1015 835 intulit
1047 808 1151 835 arma
1183 808 1318 836 socer.

302 854 459 905 lamque
493 855 574 893 fere
607 860 740 905 raptae
772 859 940 893 matrum
972 866 1128 905 quoque
1159 866 1300 893 nomen

1237 911 1452 965 habebant,

361 970 579 1021 Tractaque
612 976 724 1009 erant
753 970 867 1021 longa
898 969 997 1009 bella
1028 971 1247 1021 propinqua
1279 983 1408 1010 mora.

213 1037 282 1068 205
304 1028 549 1067 Conveniunt
579 1034 723 1079 nuptae
755 1028 896 1067 dictam
928 1028 1087 1067 Iunonis
1118 1029 1158 1067 in
1190 1029 1348 1081 aedem,

363 1087 466 1132 Quas
498 1089 602 1126 inter
633 1098 718 1125 mea
751 1088 806 1125 sic
839 1092 898 1125 est
929 1098 1053 1125 nurus
1086 1098 1174 1124 orsa
1205 1086 1332 1138 loqui:

303 1142 372 1183 “0
406 1146 552 1195 pariter
584 1151 744 1196 raptae,
778 1165 820 1170 -—
853 1146 1035 1195 quoniam
1067 1144 1141 1183 hoo
1172 1157 1378 1184 commune

1206 1209 1384 1242 tenemus
1417 1226 1459 1231 —

362 1261 446 1300 Non
479 1260 581 1300 ultra
612 1260 714 1299 lente
748 1272 956 1312 possumus
989 1272 1073 1299 esse
1106 1263 1213 1312 piae.

305 1319 417 1359 Stant
448 1320 579 1358 acies:
624 1319 691 1358 sed
723 1324 811 1358 utra
842 1318 881 1357 di
912 1320 990 1358 sint
1021 1330 1092 1370 pro
1124 1324 1233 1370 parte
1265 1320 1450 1372 rogandi,

215 1387 283 1418 210
361 1377 530 1428 Eligite:
575 1377 666 1416 hinc
698 1378 867 1416 coniunx
886 1407 897 1429 ‚
928 1377 1019 1416 hino
1050 1382 1160 1428 pater
1192 1389 1298 1416 arma
1329 1384 1458 1417 tenet..

304 1436 579 1482 Quaerendum
612 1442 699 1487 est,
732 1435 867 1474 viduae
900 1435 985 1474 fieri
1017 1435 1194 1474 malimus
1213 1467 1223 1487 ,
1255 1448 1303 1475 an
1336 1436 1477 1475 orbae.

364 1494 577 1533 Consilium
611 1493 718 1532 vobis
752 1494 851 1533 forte
883 1495 1069 1545 piumque
1102 1491 1260 1533 dabo.”

307 1552 521 1592 Consilium
554 1552 742 1591 dederat.
798 1559 964 1603 parent,
997 1554 1205 1603 crinesque
1238 1552 1460 1605 resolvunt,

363 1611 587 1662 Maestaque
619 1611 780 1649 funerea
812 1622 977 1662 corpora
1007 1616 1113 1649 veste
1146 1617 1308 1662 tegunt.

217 1669 383 1709 2151am
417 1675 607 1708 steterant
639 1670 740 1708 acies
773 1669 877 1708 ferro
910 1670 1103 1719 mortique
1136 1675 1314 1721 paratae,

365 1727 442 1765 lam
475 1727 594 1766 lituus
626 1739 778 1778 pugnae
811 1728 919 1777 signa
951 1727 1112 1766 daturus
1144 1733 1251 1766 erat:

307 1785 402 1825 Cum
437 1790 569 1836 raptae
601 1786 761 1823 veniunt
792 1786 895 1823 inter
927 1790 1135 1835 patresque
1167 1787 1372 1838 virosque,

364 1843 486 1894 lnque
520 1845 607 1882 sinu
640 1849 750 1882 natos
769 1873 779 1893 ,
811 1844 972 1894 pignora
1004 1854 1092 1881 cara
1111 1874 1121 1893 ,
1153 1849 1311 1882 tenent.

307 1901 356 1941 Ut
388 1901 559 1941 medium
591 1903 715 1952 campi
748 1902 880 1940 scissis
912 1902 1075 1952 tetigere
1108 1900 1279 1953 capillis,
1463 1910 1519 1942 (53)

220 1969 288 2001 220
369 1959 410 1998 In
444 1965 587 1999 terram
620 1961 746 2011 posito
779 1959 1023 2010 procubuere
1056 1971 1180 2010 genu:

307 2018 356 2058 Et
388 2020 498 2069 quasi
530 2020 750 2065 sentirent,
783 2017 922 2056 blando
955 2017 1123 2056 clamore
1156 2023 1317 2068 nepotes

365 2076 594 2116 Tendebant
624 2076 670 2115 ad
703 2088 794 2115 avos
825 2076 1003 2115 bracchia
1036 2088 1151 2126 parva
1183 2088 1297 2114 suos,

309 2136 381 2181 Qui
416 2140 599 2187 poterat,
631 2134 818 2174 clamabat
850 2146 962 2173 avum
982 2164 992 2184 ,
1024 2141 1117 2172 tunc
1149 2133 1317 2184 denique
1349 2135 1497 2186 visum,

366 2193 415 2232 Et
447 2195 513 2244 qui
545 2194 606 2231 vix
640 2199 820 2244 poterat,
851 2204 966 2244 posse
998 2198 1155 2231 coactus
1187 2198 1292 2230 erat.

220 2259 287 2290 225
308 2251 400 2290 Tela
432 2253 525 2290 viris
557 2253 754 2303 animique
787 2251 931 2290 cadunt
949 2281 959 2301 ‚
990 2250 1203 2301 gladiisque
1236 2251 1395 2289 remotis

367 2309 466 2349 Dant
497 2311 623 2349 soceri
656 2311 810 2361 generis
843 2310 1116 2360 accipiuntque
1149 2320 1312 2359 manus3
