1570 2527
180 136 270 177 314
725 136 979 169 FASTORUM

359 245 555 296 Venerat,
588 245 790 295 impositos
823 244 1082 296 attuleratque
1115 245 1234 285 deos.

301 303 400 355 Hic,
434 303 501 341 ubi
534 314 637 341 nunc
671 302 790 341 Roma
823 308 908 353 est,
944 303 1049 342 orbis
1082 310 1227 356 caput,
1260 304 1376 343 arbor
1408 311 1447 344 et

1028 362 1170 401 herbae

360 419 407 458 Et
440 431 584 471 paucae
617 419 787 470 pecudes
821 426 859 458 et
891 432 977 458 casa
1010 433 1095 458 rara
1129 421 1223 460 fuit.

235 487 279 517 95
302 478 386 523 Quo
419 484 624 529 postquam
657 484 814 517 ventum
848 484 934 526 est,
969 475 1208 517 “consistite

1028 542 1150 575 mater

363 592 494 633 “Nam
527 596 636 634 locus
669 596 822 646 imperii
855 607 923 633 rus
956 596 1031 633 erit
1061 592 1202 634 istud''
1236 598 1309 635 ait.

301 652 350 691 Et
382 655 496 692 matri
528 659 567 692 et
600 655 674 692 vati
706 660 816 704 paret
847 653 1064 692 Nonacrius
1097 654 1237 707 heros,

361 711 482 762 Inque
514 714 719 764 peregrina
752 713 926 751 constitit
958 712 1099 763 hospes
1131 713 1272 751 humo.

302 769 497 821 Sacraque
531 771 651 809 multa
684 771 840 822 quidem
860 802 870 822 ,
903 770 971 809 sed
1004 770 1126 809 Fauni
1158 773 1281 822 prima
1314 771 1485 811 bicornis

216 836 281 868 100
362 828 437 867 Has
471 829 602 868 docuit
633 836 769 880 gentes
802 829 1042 880 alipedisque
1075 829 1158 868 dei.

303 887 557 939 Semicaper,
590 888 729 927 coleris
763 890 975 938 cinctutiS,
1009 887 1167 936 Faune,
1200 888 1412 941 Lupercis,

1229 476 1274 518 l''
1313 482 1487 531 praescia

361 946 456 984 Cum
490 946 657 985 lustrant
690 946 864 985 celebres
897 946 1038 984 vellera
1070 953 1174 985 secta
1207 949 1308 986 vias.

301 1005 349 1043 At
380 1010 421 1043 tu
454 1011 628 1043 materno
662 1005 813 1044 donasti
845 1007 1000 1043 nomine
1033 1017 1230 1056 mensem,

361 1063 544 1102 Inventor
577 1076 746 1115 curvae,
780 1063 931 1102 furibus
965 1069 1051 1114 apte
1072 1095 1081 1111 ‚
1114 1064 1223 1101 fidis.

215 1129 279 1160 105
301 1121 380 1160 Nec
413 1123 536 1172 pietas
568 1122 663 1160 haec
696 1124 819 1172 prima
853 1127 917 1160 tua
951 1128 1038 1160 est:
1084 1128 1243 1172 septena
1274 1124 1449 1174 putaris,

360 1180 559 1218 Pleiadum
591 1192 829 1232 numerum,
862 1180 923 1218 fila
956 1179 1110 1218 dedisse
1143 1178 1292 1231 lyrae.’

302 1238 404 1277 Haec
437 1251 593 1289 quoque
627 1239 824 1277 desierat:
870 1238 1020 1277 laudata
1054 1243 1113 1277 est
1145 1251 1237 1277 voce
1270 1251 1471 1279 sororum.

361 1296 459 1341 Quid
494 1297 630 1336 faciam
651 1295 671 1336 ἵ)
715 1297 851 1336 turbae
884 1309 972 1348 pars
1005 1296 1121 1335 habet
1153 1299 1278 1337 omnis
1310 1299 1434 1338 idem.

302 1355 431 1394 Gratia
464 1355 661 1394 Pieridum
695 1355 805 1394 nobis
838 1355 1050 1406 aequaliter
1083 1357 1196 1408 assit,

215 1422 281 1452 110
362 1414 551 1465 Nullaque
585 1414 764 1453 laudetur
796 1414 929 1465 plusve
963 1415 1139 1453 minusve
1173 1414 1288 1454 mihi.

347 1506 381 1546 1.
416 1504 785 1557 [A-K-MAI-N2
812 1507 961 1558 LVDI]
1025 1506 1062 1547 2.
1098 1505 1192 1559 [BF
1211 1508 1356 1559 LVDI]

301 1588 358 1628 Ab
392 1589 479 1628 Iove
512 1596 645 1641 surgat
677 1602 803 1641 opus.
860 1592 984 1641 prima
1017 1591 1110 1629 mihi
1143 1597 1254 1630 nocte
1288 1591 1450 1631 videnda

362 1647 479 1686 Stella
513 1655 571 1687 est
602 1651 642 1687 in
676 1661 794 1688 cunas
827 1650 999 1688 officiosa
1031 1649 1154 1688 lovis:

301 1705 481 1745 Nascitur
514 1706 671 1746 Oleniae
704 1709 857 1758 signum
889 1707 1053 1759 pluviale
1087 1708 1286 1762 Capellae,

360 1764 425 1803 Illa
457 1765 535 1804 dati
567 1766 715 1804 caelum
748 1768 919 1816 praemia
951 1766 1061 1805 lactis
1094 1767 1232 1807 habet.

216 1830 281 1861 115
301 1822 392 1861 Nais
426 1823 622 1862 Amalthea
642 1855 652 1875 ,
686 1823 845 1862 Cretaea
879 1824 1018 1863 nobilis
1051 1825 1137 1876 Ida,

362 1881 511 1920 DIcitur
542 1884 580 1921 in
615 1882 720 1920 silvis
753 1882 971 1921 occuluisse
1004 1882 1155 1922 Iovem.

302 1939 401 1979 Huic
434 1941 507 1979 fuit
539 1940 752 1979 haedorum
783 1947 907 1980 mater
940 1941 1108 1980 formosa
1141 1942 1330 1993 duorum,

361 1998 466 2037 Inter
499 1998 675 2038 Dictaeos
709 1999 982 2051 conspicienda
1015 2012 1177 2053 greges,

303 2057 495 2096 Cornibus
528 2059 642 2096 aeriis
676 2064 790 2109 atque
822 2060 862 2097 in
894 2070 963 2097 sua
996 2064 1103 2109 terga
1136 2061 1333 2111 recurvis3

216 2123 281 2154 120
362 2115 517 2167 Ubere,
552 2117 653 2167 quod
687 2118 817 2155 nutrix
849 2123 983 2168 posset
1014 2117 1157 2156 habere
1189 2117 1310 2156 lovis.

303 2173 378 2212 Lac
411 2174 526 2213 dabat
558 2175 619 2213 illa
653 2175 752 2214 deo.
810 2176 877 2214 sed
910 2176 1027 2226 fregit
1057 2177 1096 2214 in
1129 2175 1267 2214 arbore
1300 2188 1445 2229 cornu,

361 2232 594 2284 Truncaque
627 2233 784 2272 dimidia
816 2239 926 2285 parte
959 2234 1111 2272 decoris
1143 2241 1245 2273 erat.

305 2290 470 2330 Sustulit
501 2291 574 2330 hoc
607 2292 803 2344 nymphe,
837 2294 1033 2343 cinxitque
1066 2292 1291 2332 recentibus
1322 2292 1477 2346 herbis,

362 2349 409 2388 Et
440 2349 598 2400 plenum
630 2352 754 2402 pomis
788 2350 833 2389 ad
867 2350 967 2389 Iovis
999 2362 1066 2389 ora
1099 2351 1207 2390 tulit.
