1570 2527
181 107 333 143 XXXIV

328 214 411 255 248
435 224 580 255 ΜΙΧΤΑ
599 222 740 253 LOCIS.
815 214 1006 253 librorum
1031 215 1129 252 hanc
1155 215 1391 264 scripturam
1415 214 1512 252 ferri

181 289 261 314 non
301 287 416 324 posse
459 273 673 312 rectissime
716 272 955 311 Schraderus
998 272 1160 311 monuit.
1235 273 1267 310 si
1302 274 1424 311 miaeta
1452 285 1511 310 re-

182 334 393 383 petendum
442 335 503 370 est
553 332 602 369 ab
651 331 767 369 Arati
810 331 953 368 Phaen.
1001 331 1083 368 104
1128 327 1274 378 ἀναμὶξ
1318 327 1511 379 ἐκάθητο,

182 392 285 441 quod
323 390 577 429 Germanicus
618 389 717 438 109,
760 390 842 427 124
883 389 930 426 de
968 391 1070 427 tectis
1105 390 1316 438 hominum,
1354 389 1436 427 lare
1472 391 1512 426 et

179 451 380 498 penatibus
410 449 712 496 interpretatus,
744 446 906 485 Ovidius
939 446 1162 484 meminisse
1194 447 1379 490 debebat,
1412 459 1511 496 quae

181 510 265 557 ipse
296 508 343 545 de
375 519 483 544 more
513 506 642 555 prisco
673 505 828 553 Italico,
865 506 978 553 puto,
1016 505 1135 542 etiam
1167 504 1328 542 Saturni
1358 507 1399 543 et
1428 505 1514 542 Iani

182 579 296 614 aevo,
328 565 451 602 tradit
475 563 533 601 VI
560 565 662 612 301,
693 562 749 600 At
777 564 885 610 focus
920 583 968 589 —
1003 564 1045 600 in
1068 564 1211 610 primis
1240 563 1397 601 aedibus
1428 566 1514 601 ante

181 627 258 672 fuit-
281 645 330 651 —
352 623 452 660 Ante
481 623 585 670 focos
616 623 704 659 olim
735 622 901 659 scamnis
933 621 1124 658 considere
1155 621 1276 668 lonqis
1306 621 1397 659 Mos
1427 622 1513 670 fuit,

183 686 217 720 et
268 692 420 720 mensae
474 681 622 718 credere
680 680 811 718 adesse
858 680 954 717 deos.
1028 677 1220 716 edendum
1267 678 1345 716 fuit
1395 681 1514 717 mixta

182 742 289 788 focis.
438 736 524 777 264
567 746 657 776 PER
699 745 832 775 FORA.
905 737 962 774 ita
1006 736 1094 774 dedi
1142 749 1162 774 e
1206 736 1402 775 codicibus
1447 749 1513 785 op-

182 799 307 847 timis;
351 798 469 835 etiam
513 797 554 834 in
591 795 817 844 Ursiniano,
862 795 928 844 qui
971 798 1004 832 et
1040 807 1131 832 sane
1170 807 1193 831 a
1229 795 1357 843 prima
1396 806 1515 832 manu

182 858 320 899 habet,
364 855 445 893 vidi
487 857 647 892 subesse
690 866 885 902 rasuram,
929 853 1000 890 sub
1044 865 1120 901 qua
1163 852 1440 901 dignoscebam
1469 866 1515 900 ρ.

182 914 474 963 interpretabar
504 912 551 949 de
583 912 683 949 clivo
716 911 955 960 Capitolino,
993 912 1058 959 qui
1089 913 1248 959 praeter
1277 911 1407 948 forum
1439 912 1514 948 Ro-

183 985 343 1010 manum
373 972 422 1008 ad
455 982 589 1008 arcum
620 969 726 1018 Sept.
759 969 910 1018 Severi,
943 968 1081 1006 deinde
1112 981 1249 1006 versus
1282 969 1514 1018 septentrio-

183 1044 272 1068 nem
309 1031 512 1079 porrectus
556 1028 659 1065 inter
696 1039 891 1065 carcerem
927 1027 1207 1064 Mamertinum
1249 1028 1290 1064 et
1325 1027 1516 1076 parietem

184 1090 297 1126 illum
333 1089 525 1134 veterem,
566 1086 633 1134 qui
669 1086 830 1123 extabat
867 1086 907 1122 in
945 1087 1084 1133 crypta
1115 1084 1222 1122 aedis
1254 1084 1291 1122 S.
1324 1085 1516 1122 Martinae

184 1147 373 1196 gradibus
398 1153 496 1183 XXII
526 1144 630 1181 infra
661 1144 804 1192 solum,
836 1143 939 1192 quod
970 1144 1057 1180 erat
1088 1145 1179 1180 ante
1208 1151 1332 1180 'annos
1362 1143 1516 1192 viginti,

185 1206 373 1254 protenus
404 1203 509 1240 inter
538 1202 625 1239 fora
657 1201 830 1252 Augusti
861 1203 902 1239 et
932 1201 1153 1239 Romanum
1184 1201 1260 1238 iter
1290 1201 1518 1250 praebuerit

185 1264 226 1300 in
256 1263 397 1309 valles,
435 1273 534 1310 quae
575 1262 666 1297 sunt
702 1262 792 1308 post
828 1262 1000 1297 montem
1033 1259 1295 1309 Quirinalem,
1326 1271 1401 1306 per
1430 1260 1519 1306 fora

186 1321 333 1358 dictum
364 1321 411 1357 ut
440 1319 523 1356 IIII
550 1319 632 1356 567
666 1318 811 1365 Perque
846 1319 959 1355 urbes
988 1316 1117 1355 Asiae.
1192 1317 1386 1354 obiciebat
1417 1317 1518 1365 opti-

186 1390 273 1416 mus
304 1377 503 1415 Beckerus
534 1389 596 1424 pp.
626 1377 706 1413 349
741 1378 781 1413 et
814 1377 909 1422 222,
941 1375 1085 1412 clivum
1116 1373 1382 1422 Capitolinum
1413 1376 1520 1412 ultra

186 1437 316 1474 forum
345 1447 424 1472 non
453 1433 624 1483 produci.
699 1433 767 1470 sed
798 1433 837 1470 id
867 1445 945 1470 non
969 1433 1027 1470 ita
1051 1444 1135 1470 esse
1162 1432 1518 1481 deprehendebam:

187 1493 331 1532 transit
361 1495 475 1531 vetus
506 1491 596 1530 clivi
627 1491 895 1539 pavimentum
927 1503 1059 1528 arcum
1085 1490 1220 1528 Severi
1250 1491 1402 1539 aliquot
1431 1502 1518 1538 pas-

188 1553 308 1600 sibus,
339 1550 563 1600 pertinebat
588 1549 637 1586 ad
662 1562 818 1586 murum
842 1561 966 1598 usque
985 1550 1256 1586 transversum
1274 1548 1519 1597 impositum3

190 1622 234 1648 ac
264 1610 444 1658 legebam
475 1620 600 1656 nuper
630 1607 671 1644 in
703 1608 851 1655 ephem.
895 1606 1056 1654 Allyem.
1081 1607 1176 1644 Zeit.
1205 1608 1313 1644 1883
1341 1620 1376 1654 p.
1407 1607 1518 1644 1203

190 1668 237 1706 de
275 1667 415 1705 effosso
456 1678 502 1703 eo
539 1667 669 1703 tractu
706 1685 763 1690 —
803 1661 897 1702 ‘zmd
932 1676 1008 1702 wer
1044 1675 1117 1701 von
1153 1665 1220 1702 der
1258 1664 1412 1711 Geyered
1454 1666 1522 1702 der

190 1726 423 1772 Kaiserfora
459 1725 525 1762 her
561 1724 640 1761 sich
675 1723 773 1760 nach
803 1724 886 1760 dem
919 1721 1068 1769 Capitol
1097 1723 1187 1760 oder
1217 1723 1284 1760 der
1316 1722 1429 1760 Tiber
1461 1723 1520 1760 be·
1555 1764 1560 1770 ¹

189 1780 301 1832 yiebt'
344 1777 400 1835 (p.
435 1782 546 1819 1204
590 1776 666 1819 ‘die
695 1780 845 1818 Strecke
880 1781 946 1818 der
976 1780 1098 1818 Sacra
1133 1781 1198 1818 via
1233 1792 1318 1818 vom
1347 1779 1522 1818 Severus-

193 1844 308 1890 boyen
345 1842 402 1879 bz‘s
438 1841 561 1878 himer
597 1840 668 1877 den
699 1834 1022 1889 Saturntempezy,
1067 1834 1246 1876 ‘wandelt
1280 1839 1416 1877 wieder
1452 1839 1528 1886 auf

193 1901 277 1938 dem
313 1899 585 1946 Lavapflaster
628 1898 694 1935 der
730 1896 853 1934 Sacra
889 1892 979 1934 via’.
1053 1896 1119 1944 qui
1155 1896 1270 1934 hodie
1308 1895 1383 1934 viri
1419 1895 1524 1934 docti

195 1958 241 1995 de
280 1957 380 1995 clivo
418 1957 533 1994 aliter
569 1955 829 2004 praecipiunt,
874 1954 1118 1992 descendisse
1155 1956 1245 2003 post
1281 1955 1417 1992 aedem
1456 1955 1523 1992 Sa-

194 2016 302 2054 turni
333 2015 374 2052 in
410 2014 539 2052 forum
570 2013 784 2059 affirmant,
828 2024 872 2050 eo
904 2012 944 2049 in
974 2012 1114 2050 itinere
1145 2014 1234 2059 fora
1264 2014 1308 2050 ut
1340 2012 1395 2049 VI
1427 2013 1523 2061 401,

195 2076 285 2122 fora
316 2075 356 2111 et
380 2074 498 2110 valles
522 2074 567 2109 ut
592 2071 633 2109 II
661 2073 740 2109 391
770 2072 866 2119 392,
899 2070 967 2107 sed
996 2082 1072 2107 non
1098 2070 1284 2108 Lautolas
1316 2072 1386 2107 aut
1416 2070 1523 2107 aedi-

197 2132 325 2169 culam
362 2131 448 2168 Iani
478 2131 635 2178 praesto
676 2128 879 2166 habituros
910 2128 1141 2177 putaverim.
1292 2125 1376 2166 296
1407 2135 1522 2166 PARS

199 2198 314 2228 STET
359 2197 417 2226 ET
462 2196 574 2226 IPSA.
646 2188 747 2226 liber
796 2186 963 2235 optimus
997 2198 1097 2234 pars
1138 2187 1188 2224 sit
1230 2189 1263 2223 et
1303 2187 1398 2233 ipsa.
1467 2186 1526 2223 ita

200 2259 319 2296 supra
342 2248 425 2285 190
444 2258 544 2294 pars
561 2246 654 2284 mihi
673 2247 717 2283 de
735 2246 828 2293 festo
846 2256 893 2282 ne
912 2245 1008 2282 labet
1024 2244 1116 2287 ulla,
1142 2244 1198 2281 Ib.
1220 2244 1273 2281 88
1295 2244 1350 2281 Et
1366 2246 1416 2282 sit
1425 2255 1526 2292 pars

200 2307 277 2343 voti
313 2305 422 2342 nulla
458 2305 611 2342 caduca.
738 2299 821 2341 589
861 2309 1026 2341 ONERIS
1063 2309 1315 2340 PRovmclA
1352 2309 1525 2340 vEsTRI.
