1570 2527
192 147 277 187 306
734 147 987 180 FASTORUM

368 256 417 295 Et
448 256 597 294 valeant
629 255 791 308 vigiles,
824 257 981 307 provida
1014 255 1157 308 turba,
1190 269 1328 296 canes.

223 323 288 353 765
309 314 411 352 Neve
443 316 574 354 minus
605 314 748 353 multos
780 314 980 365 redigam,
1014 327 1128 366 quam
1161 327 1272 354 mane
1304 316 1488 368 fuerunt,

368 371 471 410 Neve
505 384 653 423 gemam
686 373 861 411 referens
893 373 1034 412 vellera
1065 378 1173 424 rapta
1205 373 1319 425 lupo.

310 430 419 468 Absit
451 432 584 481 iniqua
616 431 765 469 fames:
809 431 952 470 herbae
985 431 1222 482 frondesque
1255 434 1476 483 supersint,

369 487 554 539 Quaeque
588 489 715 527 lavent
747 495 854 528 artus
873 521 883 540 ‚
923 501 1099 540 quaeque
1130 489 1343 542 bibantur,
1378 501 1500 542 aquae

310 546 436 585 Ubera
468 547 581 597 plena
613 559 786 597 premam
806 579 816 598 ,
848 547 993 586 referat
1024 547 1119 586 mihi
1151 560 1287 587 caseus
1319 560 1429 600 aera,

223 613 290 644 770
371 605 546 656 Dentque
579 607 676 644 viam
710 605 854 656 liquido
888 607 1028 644 vimina
1059 618 1146 644 rara
1178 618 1289 645 sero.

311 663 447 713 Sitque
480 663 582 702 salax
616 665 745 716 aries,
778 670 1043 715 conceptaque
1077 666 1223 703 semina
1255 667 1423 703 coniunx

367 721 545 772 Reddat,
578 728 616 760 et
647 724 687 760 in
719 722 871 761 stabulo
904 723 1023 761 inulta
1056 724 1106 762 sit
1137 735 1233 773 agna
1265 735 1373 761 meo.

312 780 493 830 Lanaque
526 782 726 831 proveniat
757 781 881 819 nullas
914 780 1066 819 laesura
1097 781 1267 832 puellas,

367 837 491 876 Mollis
525 844 563 877 et
595 839 641 877 ad
673 844 828 877 teneras
861 839 1073 890 quamlibet
1104 845 1191 890 apta
1223 851 1382 878 manus.

223 905 288 935 775
311 897 416 941 Quae
450 909 618 948 precor,
653 899 859 948 eveniant,
898 903 935 936 et
972 910 1042 936 nos
1084 898 1269 936 faciamus
1301 898 1347 936 ad
1381 910 1522 936 annum

367 954 574 993 Pastorum
607 955 783 993 dominae
816 955 975 1006 grandia
1006 955 1083 994 liba
1115 955 1195 994 Pali
1214 952 1243 994 .'

311 1012 379 1050 His
412 1012 481 1051 dea
513 1013 698 1063 placanda
731 1018 818 1052 est:
859 1013 954 1052 haec
986 1019 1028 1052 tu
1061 1025 1274 1052 conversus
1306 1014 1352 1052 ad
1385 1021 1494 1052 ortus

368 1070 437 1109 Dic
470 1078 635 1122 quater,
669 1076 707 1109 et
738 1073 821 1109 vivo
852 1072 987 1122 perlue
1020 1084 1109 1110 rore
1141 1084 1300 1110 manus.

310 1128 409 1166 Tum
442 1129 532 1167 licet
564 1129 759 1180 adposita,
792 1129 911 1167 veluti
944 1135 1119 1181 cratere,
1157 1129 1315 1168 camella

225 1196 290 1227 780
370 1186 446 1225 Lac
478 1189 634 1226 niveum
666 1193 777 1238 potes
808 1200 1124 1239 purpureamque
1158 1200 1314 1239 sapam:

309 1245 475 1295 Moxque
507 1257 577 1296 per
609 1246 789 1284 ardentes
823 1246 986 1296 stipulae
1019 1247 1246 1297 crepitantis
1279 1258 1437 1285 acervos

369 1303 541 1341 Traicias
575 1303 694 1342 celeri
726 1309 885 1342 strenua
916 1303 1090 1342 membra
1122 1304 1243 1354 pede.

310 1361 521 1412 Expositus
554 1373 637 1400 mos
670 1367 757 1400 est.
814 1363 933 1400 moris
965 1362 1060 1400 mibi
1092 1367 1214 1401 restat
1246 1364 1376 1413 origo.

368 1419 499 1458 Turba
530 1420 621 1458 facit
653 1419 814 1458 dubium
833 1451 843 1471 ‚
877 1426 1090 1471 coeptaque
1123 1425 1256 1459 nostra
1289 1426 1416 1460 tenet.

223 1487 288 1518 785
311 1478 448 1516 Omnia
480 1484 620 1529 purgat
653 1478 748 1516 edax
780 1480 879 1529 ignis
898 1510 908 1530 ‚
941 1480 1154 1529 vitiumque
1187 1479 1351 1518 metallis

368 1536 589 1587 Excoquit:
634 1536 780 1575 idcirco
813 1549 901 1575 cum
934 1536 1031 1575 duce
1064 1542 1205 1588 purgat
1237 1535 1353 1576 ovis?

310 1596 366 1633 An
386 1626 396 1646 ‚
431 1597 519 1645 quia
552 1601 782 1634 cunctarum
815 1597 1008 1634 contraria
1041 1597 1188 1634 semina
1220 1607 1353 1634 rerum

371 1653 471 1691 Sunt
502 1653 578 1692 duo
612 1653 811 1692 discordes
830 1684 840 1704 7
872 1655 972 1704 ignis
1004 1659 1043 1692 et
1073 1654 1204 1705 unda,
1237 1653 1321 1705 dei,

311 1710 528 1750 Iunxerunt
560 1711 750 1750 elementa
782 1717 914 1762 patres
933 1743 943 1763 ,
978 1718 1189 1762 aptumque
1221 1718 1410 1763 putarunt

226 1778 291 1808 790
370 1769 529 1819 Ignibus
563 1776 600 1807 et
632 1781 765 1819 sparsa
797 1776 955 1819 tangere
989 1782 1132 1820 corpus
1164 1768 1297 1821 aqua?

311 1827 395 1877 An,
428 1827 531 1877 quod
563 1828 602 1865 iu
629 1827 689 1865 his
715 1829 815 1866 vitae
842 1839 957 1866 causa
983 1835 1067 1878 est,
1102 1827 1197 1866 haec
1223 1828 1392 1878 perdidit
1418 1828 1527 1881 exul,

372 1885 440 1923 His
473 1897 569 1924 nova
600 1885 643 1923 fit
675 1887 843 1924 coniunx
863 1917 874 1937 ‚
906 1886 1000 1924 haec
1033 1885 1109 1924 duo
1142 1897 1278 1936 magna
1309 1885 1480 1937 putant?

312 1942 381 1982 Vix
415 1943 593 1994 equidem
628 1943 773 1995 credo;
806 1950 897 1982 sunt
929 1945 997 1994 qui
1028 1943 1268 1982 Phaethonta
1300 1945 1440 1983 referri

373 2001 540 2040 Credant
573 2007 611 2040 et
643 2003 781 2040 nimias
814 2001 1058 2040 Deucalionis
1091 2014 1232 2053 aquas.

226 2068 292 2098 705
312 2060 408 2098 Pars
441 2072 596 2110 quoque
615 2090 626 2111 ‚
660 2072 748 2098 cum
781 2061 883 2098 saxis
915 2066 1091 2111 pastores
1124 2072 1213 2099 saxa
1245 2060 1435 2113 feribant‚

374 2118 588 2156 Scintillam
621 2117 748 2157 subito
781 2118 1009 2169 prosiluisse
1042 2119 1196 2157 ferunt:

313 2176 441 2214 Prima
475 2176 631 2227 quidem
663 2177 808 2227 periit,
841 2176 995 2227 stipulis
1029 2181 1188 2227 excepta
1220 2177 1391 2215 secunda
1423 2183 1505 2217 est.

372 2234 454 2273 Hoc
488 2241 761 2285 argumentum
792 2235 943 2273 flamma
975 2234 1112 2272 Parilis
1143 2232 1294 2273 habet?

314 2293 371 2331 An
405 2294 525 2343 magis
557 2293 661 2331 hunc
693 2304 841 2331 morem
875 2294 996 2343 pietas
1028 2292 1171 2331 Aeneia
1205 2293 1320 2345 fecit,

227 2360 294 2390 800
374 2350 589 2389 Innocuum
622 2352 723 2389 victo
756 2352 819 2389 cui
852 2350 957 2389 dedit
988 2351 1089 2401 ignis
1120 2349 1230 2389 iter?
