1570 2527
161 129 246 171 160
703 131 768 162 Ex
792 130 949 162 PONTo

213 247 256 278 70
336 238 464 290 thue
496 250 602 277 meas
634 238 781 289 aquilas
800 269 811 291 ,
843 250 910 277 vos
941 250 1027 277 mea
1059 239 1168 289 signa
1200 250 1365 290 sequar.

276 296 353 336 Aut
385 309 456 348 ego
488 309 549 336 me
582 296 670 335 sallo
690 328 701 348 ,
733 298 928 348 nimiaque
962 297 1144 348 cupidine
1176 295 1315 350 ludor,

335 356 413 394 Aut
444 367 535 406 spes
567 355 671 394 exilii
704 356 978 394 commodioris
1010 355 1144 395 adest.

276 413 373 452 Nam
405 414 536 452 minus
567 419 607 452 et
638 415 768 453 minus
799 419 859 452 est
890 414 1009 452 facies
1041 415 1082 452 in
1113 414 1281 464 imagine
1314 414 1466 466 tristis,

335 471 503 522 Visaque
535 477 629 511 sunt
660 472 774 511 dictis
807 472 978 510 adnuere
1012 484 1080 510 ora
1111 474 1232 511 meis.

214 538 256 570 75
277 529 376 569 Vera
407 542 550 581 precor
581 531 676 569 fiant
706 530 863 569 timidae
895 531 1096 582 praesagia
1127 531 1292 570 mentis:

335 588 519 640 Iustaque
553 590 728 640 quamvis
762 594 844 640 est,
878 590 928 627 sit
959 590 1086 628 minor
1118 589 1174 627 ira
1207 588 1297 628 dei.

754 717 904 763 VIIII.

277 822 396 873 Regia
428 824 666 874 progenies,
699 824 763 862 cui
794 822 1008 861 nobilitatis
1040 823 1149 874 origo

337 881 489 920 Nomen
520 882 560 919 in
593 881 773 932 Eumolpi
804 883 983 932 pervenit
1014 893 1139 932 usque
1158 912 1170 932 ‚
1202 880 1321 932 Coty!

278 939 394 978 Fama
425 939 566 990 loquax
597 945 746 978 vestras
779 940 812 978 si
844 941 919 978 iam
950 941 1130 990 pervenit
1161 939 1208 978 ad
1240 951 1380 992 aures,

339 997 399 1037 Me
433 997 504 1037 tibi
535 999 689 1036 finitimi
720 1003 828 1049 parte
862 1000 989 1037 iacere
1022 998 1118 1037 soli:

238 1065 258 1097 5
281 1055 476 1108 Supplicis
509 1056 648 1095 exaudi
666 1087 677 1108 ‚
708 1057 894 1095 iuvenum
926 1057 1161 1108 mitissime,
1193 1067 1352 1107 vocem,

339 1115 542 1166 Quamque
579 1121 691 1166 potes
710 1145 721 1166 ‚
759 1115 924 1166 profugo
952 1137 995 1141 —
1028 1126 1117 1153 nam
1148 1120 1260 1165 potes
1285 1136 1331 1141 -
1363 1113 1471 1153 adfer

1008 1185 1145 1224 opem.

278 1232 337 1271 Me
364 1232 521 1271 fortuna
547 1230 673 1270 tibi—
700 1232 748 1270 de
775 1243 850 1282 qua
870 1231 975 1282 quod
995 1243 1074 1270 non
1101 1243 1264 1283 querar,
1284 1231 1359 1271 hoc
1384 1236 1500 1271 est-

339 1289 545 1341 Tradidit,
577 1289 650 1328 hoc
682 1302 760 1328 uno
793 1302 871 1328 non
903 1291 1060 1328 inimica
1091 1290 1210 1329 mihi.

280 1349 425 1399 Excipe
458 1348 704 1399 naufragium
737 1360 814 1386 non
847 1348 945 1387 duro
977 1348 1092 1387 litore
1125 1354 1329 1400 nostrum,
1444 1356 1500 1388 (65)

218 1416 260 1446 10
339 1407 395 1446 Ne
428 1407 548 1446 suerit
579 1413 683 1446 terra
716 1408 838 1446 tutior
870 1406 973 1446 unda
1007 1412 1094 1446 tua,

279 1466 422 1517 Regia,
453 1465 570 1504 crede
603 1465 722 1518 mihi,
753 1477 817 1504 res
850 1470 911 1504 est
942 1477 1178 1504 succurrere
1210 1465 1351 1517 lapsis,

341 1524 531 1563 Convenit
562 1530 602 1562 et
632 1530 763 1574 tanto,
796 1529 965 1575 quantus
997 1536 1039 1562 es
1071 1525 1155 1575 ipse
1176 1555 1186 1574 ,
1217 1526 1323 1562 viro.

282 1576 494 1621 Fortunam
526 1581 640 1621 decet
670 1581 744 1621 hoc
775 1583 919 1621 istam.
977 1594 1075 1633 quae
1106 1583 1272 1621 maxima
1305 1593 1395 1621 cum
1427 1583 1501 1634 sit,

341 1640 437 1680 Esse
469 1646 601 1692 potest
632 1642 759 1679 animo
791 1642 854 1679 vix
885 1646 1014 1680 tamen
1048 1653 1172 1692 aequa
1202 1646 1295 1680 tuo.

221 1707 262 1738 15
283 1699 533 1750 Conspicitur
566 1711 778 1750 numquam
810 1698 971 1738 meliore
1003 1701 1178 1750 potentia
1209 1711 1349 1751 causa,

341 1757 464 1803 Quam
498 1758 681 1808 quotiens
712 1769 828 1795 vanas
860 1769 936 1796 non
971 1759 1064 1795 sinit
1094 1769 1181 1796 esse
1213 1768 1375 1808 preces.

284 1815 365 1855 Hoc
398 1816 501 1854 nitor
534 1817 608 1854 iste
640 1817 698 1854 tui
728 1817 883 1866 generis
916 1815 1133 1854 desiderat.
1189 1815 1264 1854 hoc
1296 1821 1356 1854 est

340 1874 370 1912 A
403 1874 557 1925 superis
591 1878 698 1912 ortae
730 1873 943 1913 nobilitatis
970 1885 1093 1925 opus.

282 1932 365 1971 Hoc
397 1931 468 1971 tibi
500 1937 539 1971 et
569 1931 815 1985 Eumolpus,
851 1934 1007 1983 generis
1040 1932 1280 1972 clarissimus
1312 1937 1472 1984 auctor,

219 1999 263 2030 20
342 1990 392 2029 Et
422 1992 531 2042 prior
562 1989 754 2042 Eumolpo
788 1990 925 2030 suadet
956 1990 1261 2031 Erichthonius.

281 2049 364 2088 Hoc
397 2055 526 2088 tecum
560 2061 766 2088 commune
799 2049 901 2101 deo,
934 2049 1037 2100 quod
1071 2055 1239 2101 uterque
1271 2051 1395 2102 rogati

342 2107 593 2159 Supplicihus
626 2109 768 2146 vestris
799 2108 905 2146 ferre
939 2108 1072 2147 soletis
1106 2121 1243 2160 opem.

282 2165 480 2216 Numquid
513 2168 616 2219 erit,
649 2178 770 2217 quare
802 2165 915 2205 solito
949 2166 1155 2217 dignemur
1186 2167 1336 2206 honore

340 2224 507 2263 Numina
526 2255 537 2276 ‚
569 2226 602 2263 si
634 2224 765 2264 demas
798 2224 895 2264 velle
926 2226 1061 2264 iuvare
1094 2223 1221 2265 deos?

220 2290 262 2321 25
283 2281 459 2334 Iuppiter
491 2284 619 2322 oranti
650 2283 790 2323 surdas
821 2285 855 2322 si
886 2283 1071 2335 praebeat
1101 2286 1232 2336 auris,

341 2339 504 2380 Victima
535 2354 606 2393 pro
639 2342 782 2394 templo
815 2354 886 2381 cur
919 2341 1030 2381 cadat
1061 2343 1137 2382 icta
1170 2339 1307 2382 lovis?
