1570 2527
578 125 638 158 IV.
665 133 691 158 v
716 127 850 158 lO—VI
871 127 925 158 33.
1341 124 1423 166 193

710 256 788 304 VI.

197 352 322 398 Quam
353 351 480 403 legis,
514 364 559 390 ex
592 350 668 389 illis
702 350 773 389 tibi
806 352 913 389 venit
945 351 1134 403 epistula,
1167 349 1309 403 Brute,
1348 359 1422 391 (116)

255 410 448 449 Nasonem
483 409 604 448 nolles
636 411 675 448 in
711 409 854 460 quibus
889 421 974 448 esse
1008 410 1127 449 locis.

198 469 275 508 Sed
310 475 351 508 tu
385 468 487 519 quod
521 468 643 506 nolles
663 499 673 519 ,
706 468 828 507 voluit
860 468 1082 507 miserabile
1116 469 1261 508 fatum.

255 527 302 566 Ei
333 526 458 566 mihi!
504 527 592 579 plus
625 526 750 579 illud,
784 539 899 578 quam
934 534 998 566 tua
1031 533 1147 579 vota,
1181 527 1302 567 valet.

155 586 240 627 5111
274 586 431 638 Scythia
464 586 577 625 nobis
611 587 876 637 quinquennis
910 586 1096 637 olympias
1129 591 1211 625 acta
1245 592 1326 625 est:

254 644 332 684 Iam
366 651 521 696 tempus
555 645 669 683 lustri
702 646 842 683 transit
875 646 914 683 in
948 645 1130 684 alterius.

195 704 349 743 Perstat
382 705 485 742 enim
519 704 674 742 fortuna
708 709 852 755 tenax,
885 705 1063 754 votisque
1096 703 1308 755 malignum

255 762 427 814 Opponit
459 764 605 801 nostris
638 762 824 800 insidiosa
857 762 1020 813 pedem.

196 821 336 860 Certus
370 833 456 859 eras
488 833 559 872 pro
593 832 653 859 me
673 852 683 872 ,
717 820 857 859 Fabiae
890 821 984 873 lux,
1018 820 1213 872 Maxime,
1247 822 1398 874 gentis,

134 888 175 919 10
255 879 409 918 Numen
442 880 488 918 ad
521 880 741 930 Augustum
774 879 951 930 supplice
984 891 1078 918 voce
1111 879 1243 930 loqui.

195 937 351 978 Occidis
384 943 472 977 ante
506 950 673 989 preces.
733 950 968 989 causamque
1003 950 1103 989 ego,
1137 937 1326 990 Maxime,

928 999 1065 1035 mortis
1094 1020 1136 1024 —-

253 1056 333 1095 Nec
367 1056 477 1094 fuero
510 1057 609 1094 tanti
637 1078 678 1083 —
705 1069 766 1095 me
800 1068 890 1095 reor
924 1068 1009 1094 esse
1043 1062 1154 1095 tuae.

195 1115 275 1154 Iam
307 1117 425 1154 timeo
458 1121 631 1153 nostram
665 1117 847 1166 cuiquam
880 1115 1064 1154 mandare
1098 1114 1286 1154 salutem:

255 1174 387 1225 Ipsum
421 1179 546 1212 morte
579 1180 645 1212 tua
679 1174 849 1213 concidit
881 1174 1090 1212 auxilium.

132 1241 173 1272 15
195 1232 387 1283 Coeperat
419 1233 619 1283 Augustus
653 1233 839 1283 deceptae
873 1234 1077 1283 ignoscere
1112 1232 1272 1283 culpae:

255 1291 372 1342 Spem
405 1297 580 1329 nostram
613 1298 738 1330 terras
773 1292 1026 1342 deseruitque
1060 1291 1198 1330 simul.

195 1350 316 1396 Quale
351 1355 478 1389 tamen
511 1351 650 1402 potui,
683 1350 731 1388 de
764 1350 900 1389 caelite
921 1382 931 1401 ,
964 1349 1113 1402 Brute,
1147 1351 1298 1389 recenti

254 1408 390 1448 Vestra
422 1408 560 1460 procul
592 1410 744 1460 positus
778 1421 936 1447 carmen
969 1410 1009 1447 in
1042 1420 1109 1447 ora
1143 1409 1254 1447 dedi.

196 1467 303 1513 Quae
335 1469 461 1518 prosit
492 1469 616 1518 pietas
649 1469 799 1506 utinam
833 1467 956 1518 mihi,
990 1469 1119 1518 sitque
1153 1467 1343 1508 malorum

130 1535 174 1566 20
254 1526 334 1564 Iam
366 1525 506 1564 modus
538 1532 578 1564 et
610 1537 742 1565 sacrae
776 1527 908 1564 mitior
939 1527 995 1564 ira
1029 1525 1190 1565 domus!

195 1585 249 1624 Te
283 1597 439 1636 quoque
473 1584 575 1623 idem
609 1584 755 1635 liquido
789 1597 949 1635 possum
983 1586 1112 1623 iurare
1146 1587 1323 1638 precari,

254 1643 285 1682 Ο
319 1643 415 1682 mihi
448 1655 525 1682 non
558 1643 674 1682 dubia
708 1645 861 1694 cognite
895 1643 1014 1682 Brute
1046 1649 1159 1683 nota.

195 1702 291 1741 Nam
319 1715 407 1741 cum
433 1703 679 1754 praestiteris
707 1714 842 1741 verum
870 1702 965 1741 mihi
992 1714 1147 1753 semper

927 1773 1122 1811 amorem,
1345 1770 1421 1802 (m)

253 1819 325 1858 Hic
358 1825 487 1859 tamen
520 1820 683 1858 adverso
716 1826 893 1871 tempore
926 1821 1049 1858 crevit
1081 1832 1211 1859 amor.

131 1887 174 1920 25
196 1879 348 1930 Quique
381 1884 468 1917 tuas
500 1880 647 1930 pariter
679 1879 857 1917 lacrimas
890 1885 1124 1929 nostrasque
1157 1879 1330 1931 videret,

253 1938 445 1976 Passuros
476 1949 643 1988 poenam
676 1938 857 1977 crederet
889 1950 975 1976 esse
1009 1938 1129 1976 duos.

194 1996 341 2035 Lenem
373 2001 411 2035 te
445 1998 600 2035 miseris
633 1998 768 2047 genuit
800 2002 937 2035 natura
957 2027 967 2047 ,
1023 2008 1096 2035 nec
1129 1995 1198 2034 ulli

254 2055 385 2094 Mitius
417 2056 617 2106 ingenium
637 2087 647 2107 ,
681 2067 796 2106 quam
829 2055 929 2107 tibi,
962 2054 1081 2094 Brute
1102 2086 1112 2106 ,
1145 2054 1275 2094 dedit:

194 2113 244 2153 Ut
277 2115 373 2166 qui,
406 2114 499 2165 quid
533 2114 658 2153 valeas
678 2146 688 2166 ,
720 2115 902 2165 ignoret,
935 2113 1057 2152 Marte
1090 2113 1261 2166 forensi,

131 2181 174 2212 30
253 2172 374 2212 Posse
408 2179 473 2211 tuo
506 2174 641 2224 peragi
674 2174 734 2211 vix
768 2179 878 2223 putet
910 2184 977 2210 ore
1010 2184 1121 2211 reos.

196 2231 354 2270 Scilicet
387 2231 562 2270 eiusdem
596 2238 683 2279 est,
718 2232 893 2282 quamvis
925 2243 1100 2282 pugnare
1134 2231 1338 2284 videntur,

255 2289 507 2341 Supplicibus
540 2290 721 2341 facilem,
755 2289 934 2329 sontibus
968 2302 1052 2328 esse
1086 2295 1261 2329 trucem.

195 2348 291 2387 Cum
323 2348 394 2387 tibi
426 2355 608 2400 suscepta
642 2355 701 2388 est
732 2348 826 2400 legis
860 2348 1029 2388 vindicta
1061 2361 1245 2401 severae,

148 2420 256 2447 0V1D.
294 2422 350 2447 111.
1162 2419 1203 2450 13
