<?xml version="1.0" encoding="UTF-8"?>
<!DOCTYPE html PUBLIC "-//W3C//DTD XHTML 1.0 Transitional//EN"
    "http://www.w3.org/TR/xhtml1/DTD/xhtml1-transitional.dtd">
<html xmlns="http://www.w3.org/1999/xhtml" xml:lang="en" lang="en">
 <head>
  <title>
</title>
<meta http-equiv="Content-Type" content="text/html;charset=utf-8" />
  <meta name='ocr-system' content='tesseract 3.04.00' />
  <meta name='ocr-capabilities' content='ocr_page ocr_carea ocr_par ocr_line ocrx_word'/>
</head>
<body>
  <div class='ocr_page' id='page_1' title='image "./ovidopera03oviduoft_0307.png"; bbox 0 0 1570 2527; ppageno 0'>
   <div class='ocr_carea' id='block_1_1' title="bbox 0 57 3 558">
    <p class='ocr_par' dir='ltr' id='par_1_1' title="bbox 0 57 3 558">
     <span class='ocr_line' id='line_1_1' title="bbox 0 57 3 558; baseline 0 0"><span class='ocrx_word' id='word_1_1' title='bbox 0 57 3 558; x_wconf 95' lang='lat' dir='ltr'> </span> 
     </span>
    </p>
   </div>
   <div class='ocr_carea' id='block_1_2' title="bbox 644 111 1450 153">
    <p class='ocr_par' dir='ltr' id='par_1_2' title="bbox 644 111 1450 153">
     <span class='ocr_line' id='line_1_2' title="bbox 644 111 1450 153; baseline 0.01 -8"><span class='ocrx_word' id='word_1_2' title='bbox 644 113 690 145; x_wconf 92' lang='lat'>11.</span> <span class='ocrx_word' id='word_1_3' title='bbox 718 115 825 146; x_wconf 83' lang='lat'>494—</span> <span class='ocrx_word' id='word_1_4' title='bbox 836 114 914 146; x_wconf 85' lang='lat'>565.</span> <span class='ocrx_word' id='word_1_5' title='bbox 1364 111 1450 153; x_wconf 83' lang='lat'>249</span> 
     </span>
    </p>
   </div>
   <div class='ocr_carea' id='block_1_3' title="bbox 229 222 1421 320">
    <p class='ocr_par' dir='ltr' id='par_1_3' title="bbox 229 222 1421 320">
     <span class='ocr_line' id='line_1_3' title="bbox 229 222 1421 275; baseline 0 -14"><span class='ocrx_word' id='word_1_6' title='bbox 229 222 432 273; x_wconf 86' lang='lat' dir='ltr'>Stultaque</span> <span class='ocrx_word' id='word_1_7' title='bbox 465 233 556 273; x_wconf 90' lang='lat' dir='ltr'>pars</span> <span class='ocrx_word' id='word_1_8' title='bbox 589 222 751 274; x_wconf 83' lang='lat' dir='ltr'>populi,</span> <span class='ocrx_word' id='word_1_9' title='bbox 785 234 884 273; x_wconf 87' lang='lat' dir='ltr'>quae</span> <span class='ocrx_word' id='word_1_10' title='bbox 917 223 968 260; x_wconf 88' lang='lat' dir='ltr'>sit</span> <span class='ocrx_word' id='word_1_11' title='bbox 1000 234 1069 261; x_wconf 86' lang='lat' dir='ltr'>sua</span> <span class='ocrx_word' id='word_1_12' title='bbox 1102 223 1210 261; x_wconf 87' lang='lat' dir='ltr'>curia</span> <span class='ocrx_word' id='word_1_13' title='bbox 1228 253 1240 275; x_wconf 83' lang='grc'>,</span> <span class='ocrx_word' id='word_1_14' title='bbox 1272 224 1421 275; x_wconf 82' lang='lat' dir='ltr'>nescit,</span> 
     </span>
     <span class='ocr_line' id='line_1_4' title="bbox 288 280 1106 320; baseline 0 -1"><span class='ocrx_word' id='word_1_15' title='bbox 288 281 363 320; x_wconf 94' lang='lat' dir='ltr'>Sed</span> <span class='ocrx_word' id='word_1_16' title='bbox 397 281 488 319; x_wconf 80' lang='lat' dir='ltr'>facit</span> <span class='ocrx_word' id='word_1_17' title='bbox 520 286 694 319; x_wconf 85' lang='lat' dir='ltr'>extrema</span> <span class='ocrx_word' id='word_1_18' title='bbox 727 293 836 319; x_wconf 82' lang='lat' dir='ltr'>sacra</span> <span class='ocrx_word' id='word_1_19' title='bbox 868 280 990 320; x_wconf 87' lang='lat' dir='ltr'>relata</span> <span class='ocrx_word' id='word_1_20' title='bbox 1022 281 1106 319; x_wconf 92' lang='lat' dir='ltr'>die.</span> 
     </span>
    </p>
   </div>
   <div class='ocr_carea' id='block_1_4' title="bbox 194 369 1366 414">
    <p class='ocr_par' dir='ltr' id='par_1_4' title="bbox 194 369 1366 414">
     <span class='ocr_line' id='line_1_5' title="bbox 194 369 1366 414; baseline -0.001 0"><span class='ocrx_word' id='word_1_21' title='bbox 194 373 260 414; x_wconf 84' lang='lat'>18.</span> <span class='ocrx_word' id='word_1_22' title='bbox 293 370 373 413; x_wconf 82' lang='lat' dir='ltr'>AO</span> <span class='ocrx_word' id='word_1_23' title='bbox 437 372 503 414; x_wconf 83' lang='lat'>19.</span> <span class='ocrx_word' id='word_1_24' title='bbox 536 369 613 413; x_wconf 82' lang='lat' dir='ltr'>BC</span> <span class='ocrx_word' id='word_1_25' title='bbox 677 373 744 414; x_wconf 78' lang='lat'>20.</span> <span class='ocrx_word' id='word_1_26' title='bbox 778 370 851 414; x_wconf 82' lang='lat' dir='ltr'>OC</span> <span class='ocrx_word' id='word_1_27' title='bbox 913 373 981 414; x_wconf 82' lang='lat'>21.</span> <span class='ocrx_word' id='word_1_28' title='bbox 1015 371 1054 413; x_wconf 92' lang='lat' dir='ltr'>D</span> <span class='ocrx_word' id='word_1_29' title='bbox 1080 371 1366 414; x_wconf 87' lang='lat' dir='ltr'><strong>FERAL-F</strong></span> 
     </span>
    </p>
   </div>
   <div class='ocr_carea' id='block_1_5' title="bbox 137 456 1416 2393">
    <p class='ocr_par' dir='ltr' id='par_1_5' title="bbox 137 456 1416 2393">
     <span class='ocr_line' id='line_1_6' title="bbox 227 456 1351 509; baseline 0 -14"><span class='ocrx_word' id='word_1_30' title='bbox 227 456 297 496; x_wconf 89' lang='lat' dir='ltr'>Est</span> <span class='ocrx_word' id='word_1_31' title='bbox 328 457 453 495; x_wconf 90' lang='lat' dir='ltr'>honor</span> <span class='ocrx_word' id='word_1_32' title='bbox 486 461 525 496; x_wconf 92' lang='lat' dir='ltr'>et</span> <span class='ocrx_word' id='word_1_33' title='bbox 558 456 718 496; x_wconf 90' lang='lat' dir='ltr'>tumulis</span> <span class='ocrx_word' id='word_1_34' title='bbox 737 487 748 509; x_wconf 82' lang='lat'><em>,</em></span> <span class='ocrx_word' id='word_1_35' title='bbox 781 458 928 495; x_wconf 87' lang='lat' dir='ltr'>animas</span> <span class='ocrx_word' id='word_1_36' title='bbox 959 456 1113 508; x_wconf 88' lang='lat' dir='ltr'>placare</span> <span class='ocrx_word' id='word_1_37' title='bbox 1146 463 1351 509; x_wconf 86' lang='lat' dir='ltr'>paternas,</span> 
     </span>
     <span class='ocr_line' id='line_1_7' title="bbox 286 515 1292 567; baseline 0 -13"><span class='ocrx_word' id='word_1_38' title='bbox 286 515 485 567; x_wconf 83' lang='lat' dir='ltr'>Parvaque</span> <span class='ocrx_word' id='word_1_39' title='bbox 518 517 556 554; x_wconf 91' lang='lat' dir='ltr'>in</span> <span class='ocrx_word' id='word_1_40' title='bbox 591 521 791 554; x_wconf 87' lang='lat' dir='ltr'>extructas</span> <span class='ocrx_word' id='word_1_41' title='bbox 823 528 984 555; x_wconf 89' lang='lat' dir='ltr'>munera</span> <span class='ocrx_word' id='word_1_42' title='bbox 1019 516 1123 554; x_wconf 84' lang='lat' dir='ltr'>serre</span> <span class='ocrx_word' id='word_1_43' title='bbox 1155 527 1292 567; x_wconf 85' lang='lat' dir='ltr'>pyras.</span> 
     </span>
     <span class='ocr_line' id='line_1_8' title="bbox 139 574 1373 626; baseline 0 -12"><span class='ocrx_word' id='word_1_44' title='bbox 139 583 205 614; x_wconf 87' lang='lat'>535</span> <span class='ocrx_word' id='word_1_45' title='bbox 226 575 348 614; x_wconf 87' lang='lat' dir='ltr'>Parva</span> <span class='ocrx_word' id='word_1_46' title='bbox 381 580 522 625; x_wconf 90' lang='lat' dir='ltr'>petunt</span> <span class='ocrx_word' id='word_1_47' title='bbox 553 587 717 614; x_wconf 88' lang='lat' dir='ltr'>manes:</span> <span class='ocrx_word' id='word_1_48' title='bbox 761 576 886 626; x_wconf 84' lang='lat' dir='ltr'>pietas</span> <span class='ocrx_word' id='word_1_49' title='bbox 917 587 989 626; x_wconf 91' lang='lat' dir='ltr'>pro</span> <span class='ocrx_word' id='word_1_50' title='bbox 1022 574 1140 613; x_wconf 86' lang='lat' dir='ltr'>divite</span> <span class='ocrx_word' id='word_1_51' title='bbox 1173 581 1281 625; x_wconf 87' lang='lat' dir='ltr'>grata</span> <span class='ocrx_word' id='word_1_52' title='bbox 1313 580 1373 614; x_wconf 85' lang='lat' dir='ltr'>est</span> 
     </span>
     <span class='ocr_line' id='line_1_9' title="bbox 286 633 1289 685; baseline 0.002 -14"><span class='ocrx_word' id='word_1_53' title='bbox 286 633 478 673; x_wconf 89' lang='lat' dir='ltr'>Munere:</span> <span class='ocrx_word' id='word_1_54' title='bbox 511 645 588 672; x_wconf 93' lang='lat' dir='ltr'>non</span> <span class='ocrx_word' id='word_1_55' title='bbox 623 633 754 672; x_wconf 88' lang='lat' dir='ltr'>avidos</span> <span class='ocrx_word' id='word_1_56' title='bbox 788 633 882 685; x_wconf 82' lang='lat' dir='ltr'>Styx</span> <span class='ocrx_word' id='word_1_57' title='bbox 915 633 1032 672; x_wconf 88' lang='lat' dir='ltr'>habet</span> <span class='ocrx_word' id='word_1_58' title='bbox 1063 635 1138 672; x_wconf 88' lang='lat' dir='ltr'>ima</span> <span class='ocrx_word' id='word_1_59' title='bbox 1172 634 1289 673; x_wconf 90' lang='lat' dir='ltr'>deos.</span> 
     </span>
     <span class='ocr_line' id='line_1_10' title="bbox 228 692 1160 743; baseline 0 -12"><span class='ocrx_word' id='word_1_60' title='bbox 228 692 373 743; x_wconf 81' lang='lat' dir='ltr'>Tegula</span> <span class='ocrx_word' id='word_1_61' title='bbox 405 694 599 743; x_wconf 78' lang='lat' dir='ltr'>porrectis</span> <span class='ocrx_word' id='word_1_62' title='bbox 633 694 725 731; x_wconf 86' lang='lat' dir='ltr'>satis</span> <span class='ocrx_word' id='word_1_63' title='bbox 758 698 818 731; x_wconf 89' lang='lat' dir='ltr'>est</span> <span class='ocrx_word' id='word_1_64' title='bbox 848 692 971 731; x_wconf 87' lang='lat' dir='ltr'>velata</span> <span class='ocrx_word' id='word_1_65' title='bbox 1004 694 1160 731; x_wconf 86' lang='lat' dir='ltr'>coronis</span> 
     </span>
     <span class='ocr_line' id='line_1_11' title="bbox 287 751 1196 803; baseline -0.001 -13"><span class='ocrx_word' id='word_1_66' title='bbox 287 751 336 790; x_wconf 90' lang='lat' dir='ltr'>Et</span> <span class='ocrx_word' id='word_1_67' title='bbox 368 763 524 802; x_wconf 82' lang='lat' dir='ltr'>sparsae</span> <span class='ocrx_word' id='word_1_68' title='bbox 558 752 691 802; x_wconf 86' lang='lat' dir='ltr'>fruges</span> <span class='ocrx_word' id='word_1_69' title='bbox 722 763 917 803; x_wconf 84' lang='lat' dir='ltr'>parcaque</span> <span class='ocrx_word' id='word_1_70' title='bbox 951 753 1050 790; x_wconf 89' lang='lat' dir='ltr'>mica</span> <span class='ocrx_word' id='word_1_71' title='bbox 1083 752 1196 803; x_wconf 82' lang='lat' dir='ltr'>salis,</span> 
     </span>
     <span class='ocr_line' id='line_1_12' title="bbox 226 809 1291 862; baseline 0.001 -13"><span class='ocrx_word' id='word_1_72' title='bbox 226 810 348 861; x_wconf 84' lang='lat' dir='ltr'><strong>Inque</strong></span> <span class='ocrx_word' id='word_1_73' title='bbox 382 822 490 848; x_wconf 87' lang='lat' dir='ltr'>mero</span> <span class='ocrx_word' id='word_1_74' title='bbox 524 809 669 848; x_wconf 78' lang='lat' dir='ltr'>mollita</span> <span class='ocrx_word' id='word_1_75' title='bbox 701 809 849 862; x_wconf 83' lang='lat' dir='ltr'>Ceres,</span> <span class='ocrx_word' id='word_1_76' title='bbox 882 810 1084 861; x_wconf 84' lang='lat' dir='ltr'>violaeque</span> <span class='ocrx_word' id='word_1_77' title='bbox 1117 810 1291 850; x_wconf 83' lang='lat' dir='ltr'>solutae:</span> 
     </span>
     <span class='ocr_line' id='line_1_13' title="bbox 138 867 1130 908; baseline -0.001 0"><span class='ocrx_word' id='word_1_78' title='bbox 138 877 206 908; x_wconf 84' lang='lat'>540</span> <span class='ocrx_word' id='word_1_79' title='bbox 285 868 389 907; x_wconf 85' lang='lat' dir='ltr'>Haec</span> <span class='ocrx_word' id='word_1_80' title='bbox 421 867 561 906; x_wconf 88' lang='lat' dir='ltr'>habeat</span> <span class='ocrx_word' id='word_1_81' title='bbox 592 868 719 907; x_wconf 89' lang='lat' dir='ltr'>media</span> <span class='ocrx_word' id='word_1_82' title='bbox 751 874 850 907; x_wconf 83' lang='lat' dir='ltr'>testa</span> <span class='ocrx_word' id='word_1_83' title='bbox 882 869 1017 907; x_wconf 87' lang='lat' dir='ltr'>relicta</span> <span class='ocrx_word' id='word_1_84' title='bbox 1050 870 1130 907; x_wconf 82' lang='lat' dir='ltr'>via.</span> 
     </span>
     <span class='ocr_line' id='line_1_14' title="bbox 226 927 1416 980; baseline 0 -14"><span class='ocrx_word' id='word_1_85' title='bbox 226 927 307 967; x_wconf 91' lang='lat' dir='ltr'>Nec</span> <span class='ocrx_word' id='word_1_86' title='bbox 339 928 484 966; x_wconf 89' lang='lat' dir='ltr'>maiora</span> <span class='ocrx_word' id='word_1_87' title='bbox 518 933 634 980; x_wconf 76' lang='lat' dir='ltr'>vet03</span> <span class='ocrx_word' id='word_1_88' title='bbox 667 927 734 965; x_wconf 86' lang='lat' dir='ltr'>sed</span> <span class='ocrx_word' id='word_1_89' title='bbox 768 933 807 966; x_wconf 86' lang='lat' dir='ltr'>et</span> <span class='ocrx_word' id='word_1_90' title='bbox 837 927 898 965; x_wconf 88' lang='lat' dir='ltr'>his</span> <span class='ocrx_word' id='word_1_91' title='bbox 930 927 1129 978; x_wconf 88' lang='lat' dir='ltr'>placabilis</span> <span class='ocrx_word' id='word_1_92' title='bbox 1162 927 1301 966; x_wconf 86' lang='lat' dir='ltr'>umbra</span> <span class='ocrx_word' id='word_1_93' title='bbox 1333 933 1416 967; x_wconf 87' lang='lat' dir='ltr'>est:</span> 
     </span>
     <span class='ocr_line' id='line_1_15' title="bbox 285 986 1208 1038; baseline 0 -14"><span class='ocrx_word' id='word_1_94' title='bbox 285 986 393 1025; x_wconf 85' lang='lat' dir='ltr'>Adde</span> <span class='ocrx_word' id='word_1_95' title='bbox 425 998 564 1038; x_wconf 84' lang='lat' dir='ltr'>preces</span> <span class='ocrx_word' id='word_1_96' title='bbox 596 987 733 1037; x_wconf 90' lang='lat' dir='ltr'>positis</span> <span class='ocrx_word' id='word_1_97' title='bbox 766 991 805 1025; x_wconf 89' lang='lat' dir='ltr'>et</span> <span class='ocrx_word' id='word_1_98' title='bbox 836 998 905 1025; x_wconf 85' lang='lat' dir='ltr'>sua</span> <span class='ocrx_word' id='word_1_99' title='bbox 936 986 1054 1024; x_wconf 87' lang='lat' dir='ltr'>verba</span> <span class='ocrx_word' id='word_1_100' title='bbox 1087 987 1208 1025; x_wconf 84' lang='lat' dir='ltr'>focis.</span> 
     </span>
     <span class='ocr_line' id='line_1_16' title="bbox 227 1045 1288 1097; baseline -0.001 -13"><span class='ocrx_word' id='word_1_101' title='bbox 227 1045 340 1084; x_wconf 88' lang='lat' dir='ltr'>Hunc</span> <span class='ocrx_word' id='word_1_102' title='bbox 373 1057 522 1084; x_wconf 91' lang='lat' dir='ltr'>morem</span> <span class='ocrx_word' id='word_1_103' title='bbox 554 1046 733 1096; x_wconf 81' lang='lat' dir='ltr'>Aeneas,</span> <span class='ocrx_word' id='word_1_104' title='bbox 766 1046 921 1097; x_wconf 83' lang='lat' dir='ltr'>pietatis</span> <span class='ocrx_word' id='word_1_105' title='bbox 953 1045 1118 1084; x_wconf 90' lang='lat' dir='ltr'>idoneus</span> <span class='ocrx_word' id='word_1_106' title='bbox 1152 1051 1288 1084; x_wconf 81' lang='lat' dir='ltr'>auctor</span> 
     </span>
     <span class='ocr_line' id='line_1_17' title="bbox 287 1104 1161 1156; baseline 0 -14"><span class='ocrx_word' id='word_1_107' title='bbox 287 1104 426 1143; x_wconf 78' lang='lat' dir='ltr'><strong>Attulit</strong></span> <span class='ocrx_word' id='word_1_108' title='bbox 457 1105 498 1143; x_wconf 90' lang='lat' dir='ltr'>in</span> <span class='ocrx_word' id='word_1_109' title='bbox 531 1109 657 1142; x_wconf 85' lang='lat' dir='ltr'>terras</span> <span class='ocrx_word' id='word_1_110' title='bbox 676 1135 686 1152; x_wconf 83' lang='lat'>‚</span> <span class='ocrx_word' id='word_1_111' title='bbox 719 1105 821 1143; x_wconf 87' lang='lat' dir='ltr'>iuste</span> <span class='ocrx_word' id='word_1_112' title='bbox 854 1104 1019 1156; x_wconf 83' lang='lat' dir='ltr'><strong>Latine,</strong></span> <span class='ocrx_word' id='word_1_113' title='bbox 1051 1110 1161 1143; x_wconf 81' lang='lat' dir='ltr'>tuas.</span> 
     </span>
     <span class='ocr_line' id='line_1_18' title="bbox 140 1162 1178 1215; baseline 0 -13"><span class='ocrx_word' id='word_1_114' title='bbox 140 1171 207 1203; x_wconf 88' lang='lat'>545</span> <span class='ocrx_word' id='word_1_115' title='bbox 228 1163 295 1202; x_wconf 86' lang='lat' dir='ltr'>Ille</span> <span class='ocrx_word' id='word_1_116' title='bbox 328 1164 450 1215; x_wconf 83' lang='lat' dir='ltr'>patris</span> <span class='ocrx_word' id='word_1_117' title='bbox 484 1162 605 1201; x_wconf 86' lang='lat' dir='ltr'>Genio</span> <span class='ocrx_word' id='word_1_118' title='bbox 640 1162 840 1201; x_wconf 81' lang='lat' dir='ltr'>sollemnia</span> <span class='ocrx_word' id='word_1_119' title='bbox 873 1162 972 1202; x_wconf 83' lang='lat' dir='ltr'>dona</span> <span class='ocrx_word' id='word_1_120' title='bbox 1006 1162 1178 1203; x_wconf 82' lang='lat' dir='ltr'>ferebat:</span> 
     </span>
     <span class='ocr_line' id='line_1_19' title="bbox 286 1221 1055 1273; baseline 0 -13"><span class='ocrx_word' id='word_1_121' title='bbox 286 1221 385 1260; x_wconf 88' lang='lat' dir='ltr'>Hinc</span> <span class='ocrx_word' id='word_1_122' title='bbox 418 1221 553 1273; x_wconf 89' lang='lat' dir='ltr'>populi</span> <span class='ocrx_word' id='word_1_123' title='bbox 584 1223 685 1260; x_wconf 88' lang='lat' dir='ltr'>ritus</span> <span class='ocrx_word' id='word_1_124' title='bbox 718 1221 913 1260; x_wconf 84' lang='lat' dir='ltr'>edidicere</span> <span class='ocrx_word' id='word_1_125' title='bbox 946 1223 1055 1272; x_wconf 87' lang='lat' dir='ltr'>pios.</span> 
     </span>
     <span class='ocr_line' id='line_1_20' title="bbox 226 1280 1405 1332; baseline 0 -12"><span class='ocrx_word' id='word_1_126' title='bbox 226 1282 275 1320; x_wconf 88' lang='lat' dir='ltr'>At</span> <span class='ocrx_word' id='word_1_127' title='bbox 308 1281 533 1332; x_wconf 87' lang='lat' dir='ltr'>quondam,</span> <span class='ocrx_word' id='word_1_128' title='bbox 566 1280 658 1319; x_wconf 89' lang='lat' dir='ltr'>dum</span> <span class='ocrx_word' id='word_1_129' title='bbox 690 1280 803 1331; x_wconf 89' lang='lat' dir='ltr'>longa</span> <span class='ocrx_word' id='word_1_130' title='bbox 835 1286 979 1331; x_wconf 88' lang='lat' dir='ltr'>gerunt</span> <span class='ocrx_word' id='word_1_131' title='bbox 1010 1280 1253 1332; x_wconf 84' lang='lat' dir='ltr'>pugnacibus</span> <span class='ocrx_word' id='word_1_132' title='bbox 1287 1282 1405 1320; x_wconf 88' lang='lat' dir='ltr'>armis</span> 
     </span>
     <span class='ocr_line' id='line_1_21' title="bbox 286 1339 1063 1388; baseline 0 -10"><span class='ocrx_word' id='word_1_133' title='bbox 286 1339 419 1388; x_wconf 90' lang='lat' dir='ltr'>Bella,</span> <span class='ocrx_word' id='word_1_134' title='bbox 452 1339 679 1378; x_wconf 79' lang='lat' dir='ltr'>Parentales</span> <span class='ocrx_word' id='word_1_135' title='bbox 712 1339 924 1378; x_wconf 86' lang='lat' dir='ltr'>deseruere</span> <span class='ocrx_word' id='word_1_136' title='bbox 957 1339 1063 1378; x_wconf 86' lang='lat' dir='ltr'>dies.</span> 
     </span>
     <span class='ocr_line' id='line_1_22' title="bbox 228 1398 1291 1450; baseline 0.001 -13"><span class='ocrx_word' id='word_1_137' title='bbox 228 1398 313 1437; x_wconf 91' lang='lat' dir='ltr'>Non</span> <span class='ocrx_word' id='word_1_138' title='bbox 347 1400 506 1449; x_wconf 88' lang='lat' dir='ltr'>impune</span> <span class='ocrx_word' id='word_1_139' title='bbox 541 1399 642 1450; x_wconf 83' lang='lat' dir='ltr'>suit3</span> <span class='ocrx_word' id='word_1_140' title='bbox 676 1410 763 1436; x_wconf 86' lang='lat' dir='ltr'>nam</span> <span class='ocrx_word' id='word_1_141' title='bbox 797 1398 940 1437; x_wconf 75' lang='lat' dir='ltr'>(licitur</span> <span class='ocrx_word' id='word_1_142' title='bbox 974 1400 1103 1437; x_wconf 89' lang='lat' dir='ltr'>omine</span> <span class='ocrx_word' id='word_1_143' title='bbox 1137 1398 1183 1437; x_wconf 91' lang='lat' dir='ltr'>ab</span> <span class='ocrx_word' id='word_1_144' title='bbox 1216 1400 1291 1438; x_wconf 89' lang='lat' dir='ltr'>isto</span> 
     </span>
     <span class='ocr_line' id='line_1_23' title="bbox 139 1457 1078 1508; baseline -0.001 -11"><span class='ocrx_word' id='word_1_145' title='bbox 139 1464 207 1497; x_wconf 88' lang='lat'>550</span> <span class='ocrx_word' id='word_1_146' title='bbox 287 1457 407 1496; x_wconf 87' lang='lat' dir='ltr'>Roma</span> <span class='ocrx_word' id='word_1_147' title='bbox 440 1457 677 1495; x_wconf 84' lang='lat' dir='ltr'>suburbanis</span> <span class='ocrx_word' id='word_1_148' title='bbox 708 1457 918 1496; x_wconf 88' lang='lat' dir='ltr'>incaluisse</span> <span class='ocrx_word' id='word_1_149' title='bbox 950 1459 1078 1508; x_wconf 88' lang='lat' dir='ltr'>rogis.</span> 
     </span>
     <span class='ocr_line' id='line_1_24' title="bbox 228 1515 1227 1568; baseline 0.001 -14"><span class='ocrx_word' id='word_1_150' title='bbox 228 1515 297 1554; x_wconf 87' lang='lat' dir='ltr'>Vix</span> <span class='ocrx_word' id='word_1_151' title='bbox 332 1516 512 1567; x_wconf 91' lang='lat' dir='ltr'>equidem</span> <span class='ocrx_word' id='word_1_152' title='bbox 545 1516 693 1568; x_wconf 81' lang='lat' dir='ltr'>credo,</span> <span class='ocrx_word' id='word_1_153' title='bbox 727 1515 852 1554; x_wconf 88' lang='lat' dir='ltr'>bustis</span> <span class='ocrx_word' id='word_1_154' title='bbox 884 1517 1011 1554; x_wconf 86' lang='lat' dir='ltr'>exisse</span> <span class='ocrx_word' id='word_1_155' title='bbox 1044 1517 1227 1555; x_wconf 85' lang='lat' dir='ltr'>feruntur</span> 
     </span>
     <span class='ocr_line' id='line_1_25' title="bbox 286 1574 1151 1627; baseline 0 -14"><span class='ocrx_word' id='word_1_156' title='bbox 286 1574 335 1613; x_wconf 92' lang='lat' dir='ltr'>Et</span> <span class='ocrx_word' id='word_1_157' title='bbox 367 1576 506 1613; x_wconf 80' lang='lat' dir='ltr'>tacitae</span> <span class='ocrx_word' id='word_1_158' title='bbox 540 1576 668 1625; x_wconf 83' lang='lat' dir='ltr'>questi</span> <span class='ocrx_word' id='word_1_159' title='bbox 700 1580 876 1626; x_wconf 85' lang='lat' dir='ltr'>tempore</span> <span class='ocrx_word' id='word_1_160' title='bbox 910 1576 1037 1614; x_wconf 88' lang='lat' dir='ltr'>noctis</span> <span class='ocrx_word' id='word_1_161' title='bbox 1069 1577 1151 1627; x_wconf 79' lang='lat' dir='ltr'>avi,</span> 
     </span>
     <span class='ocr_line' id='line_1_26' title="bbox 227 1633 1333 1685; baseline 0.001 -13"><span class='ocrx_word' id='word_1_162' title='bbox 227 1634 382 1685; x_wconf 88' lang='lat' dir='ltr'>Perque</span> <span class='ocrx_word' id='word_1_163' title='bbox 415 1636 495 1672; x_wconf 87' lang='lat' dir='ltr'>vias</span> <span class='ocrx_word' id='word_1_164' title='bbox 527 1633 637 1672; x_wconf 83' lang='lat' dir='ltr'>urbis</span> <span class='ocrx_word' id='word_1_165' title='bbox 670 1633 879 1685; x_wconf 85' lang='lat' dir='ltr'>Latiosque</span> <span class='ocrx_word' id='word_1_166' title='bbox 912 1633 1082 1673; x_wconf 87' lang='lat' dir='ltr'>ululasse</span> <span class='ocrx_word' id='word_1_167' title='bbox 1116 1646 1186 1684; x_wconf 86' lang='lat' dir='ltr'>per</span> <span class='ocrx_word' id='word_1_168' title='bbox 1219 1646 1333 1685; x_wconf 89' lang='lat' dir='ltr'>agros</span> 
     </span>
     <span class='ocr_line' id='line_1_27' title="bbox 288 1692 1236 1745; baseline 0 -14"><span class='ocrx_word' id='word_1_169' title='bbox 288 1692 491 1731; x_wconf 85' lang='lat' dir='ltr'>Deformes</span> <span class='ocrx_word' id='word_1_170' title='bbox 525 1694 702 1744; x_wconf 82' lang='lat' dir='ltr'>animas,</span> <span class='ocrx_word' id='word_1_171' title='bbox 735 1693 870 1743; x_wconf 85' lang='lat' dir='ltr'>volgus</span> <span class='ocrx_word' id='word_1_172' title='bbox 903 1694 1016 1731; x_wconf 87' lang='lat' dir='ltr'>inane</span> <span class='ocrx_word' id='word_1_173' title='bbox 1037 1725 1048 1745; x_wconf 68' lang='lat'><em>7</em></span> <span class='ocrx_word' id='word_1_174' title='bbox 1081 1693 1236 1732; x_wconf 85' lang='lat' dir='ltr'>ferunt.</span> 
     </span>
     <span class='ocr_line' id='line_1_28' title="bbox 139 1751 1307 1803; baseline 0.001 -13"><span class='ocrx_word' id='word_1_175' title='bbox 139 1760 207 1791; x_wconf 88' lang='lat'>555</span> <span class='ocrx_word' id='word_1_176' title='bbox 227 1751 323 1790; x_wconf 89' lang='lat' dir='ltr'>Post</span> <span class='ocrx_word' id='word_1_177' title='bbox 355 1764 398 1790; x_wconf 89' lang='lat' dir='ltr'>ea</span> <span class='ocrx_word' id='word_1_178' title='bbox 430 1753 632 1802; x_wconf 87' lang='lat' dir='ltr'>praeteriti</span> <span class='ocrx_word' id='word_1_179' title='bbox 666 1751 827 1790; x_wconf 87' lang='lat' dir='ltr'>tumulis</span> <span class='ocrx_word' id='word_1_180' title='bbox 860 1751 1081 1790; x_wconf 87' lang='lat' dir='ltr'>redduntur</span> <span class='ocrx_word' id='word_1_181' title='bbox 1113 1751 1307 1803; x_wconf 83' lang='lat' dir='ltr'>honores,</span> 
     </span>
     <span class='ocr_line' id='line_1_29' title="bbox 284 1810 1210 1862; baseline 0 -13"><span class='ocrx_word' id='word_1_182' title='bbox 284 1810 558 1862; x_wconf 88' lang='lat' dir='ltr'>Prodigiisque</span> <span class='ocrx_word' id='word_1_183' title='bbox 592 1812 698 1850; x_wconf 90' lang='lat' dir='ltr'>venit</span> <span class='ocrx_word' id='word_1_184' title='bbox 730 1810 1014 1862; x_wconf 86' lang='lat' dir='ltr'>funeribusque</span> <span class='ocrx_word' id='word_1_185' title='bbox 1048 1811 1210 1849; x_wconf 71' lang='lat' dir='ltr'>modus.</span> 
     </span>
     <span class='ocr_line' id='line_1_30' title="bbox 225 1869 1331 1921; baseline 0 -13"><span class='ocrx_word' id='word_1_186' title='bbox 225 1869 326 1908; x_wconf 91' lang='lat' dir='ltr'>Dum</span> <span class='ocrx_word' id='word_1_187' title='bbox 359 1876 487 1908; x_wconf 79' lang='lat' dir='ltr'>tamen</span> <span class='ocrx_word' id='word_1_188' title='bbox 521 1869 615 1908; x_wconf 89' lang='lat' dir='ltr'>haec</span> <span class='ocrx_word' id='word_1_189' title='bbox 648 1870 771 1921; x_wconf 89' lang='lat' dir='ltr'>fient,</span> <span class='ocrx_word' id='word_1_190' title='bbox 803 1869 940 1908; x_wconf 88' lang='lat' dir='ltr'>viduae</span> <span class='ocrx_word' id='word_1_191' title='bbox 974 1875 1122 1909; x_wconf 89' lang='lat' dir='ltr'>cessate</span> <span class='ocrx_word' id='word_1_192' title='bbox 1155 1869 1331 1921; x_wconf 84' lang='lat' dir='ltr'>puellae:</span> 
     </span>
     <span class='ocr_line' id='line_1_31' title="bbox 286 1927 1058 1979; baseline 0.001 -13"><span class='ocrx_word' id='word_1_193' title='bbox 286 1927 477 1979; x_wconf 84' lang='lat' dir='ltr'>Expectet</span> <span class='ocrx_word' id='word_1_194' title='bbox 508 1940 630 1979; x_wconf 85' lang='lat' dir='ltr'>puros</span> <span class='ocrx_word' id='word_1_195' title='bbox 662 1930 776 1979; x_wconf 88' lang='lat' dir='ltr'>pinea</span> <span class='ocrx_word' id='word_1_196' title='bbox 810 1928 919 1967; x_wconf 82' lang='lat' dir='ltr'>taeda</span> <span class='ocrx_word' id='word_1_197' title='bbox 952 1928 1058 1967; x_wconf 88' lang='lat' dir='ltr'>dies.</span> 
     </span>
     <span class='ocr_line' id='line_1_32' title="bbox 226 1986 1337 2039; baseline 0.001 -14"><span class='ocrx_word' id='word_1_198' title='bbox 226 1986 306 2025; x_wconf 89' lang='lat' dir='ltr'>Nec</span> <span class='ocrx_word' id='word_1_199' title='bbox 338 1986 409 2025; x_wconf 91' lang='lat' dir='ltr'>tibi</span> <span class='ocrx_word' id='word_1_200' title='bbox 429 2018 439 2037; x_wconf 88' lang='lat'><em>‚</em></span> <span class='ocrx_word' id='word_1_201' title='bbox 472 1999 570 2037; x_wconf 83' lang='lat' dir='ltr'>quae</span> <span class='ocrx_word' id='word_1_202' title='bbox 604 1987 767 2037; x_wconf 87' lang='lat' dir='ltr'>cupidae</span> <span class='ocrx_word' id='word_1_203' title='bbox 800 1993 951 2025; x_wconf 86' lang='lat' dir='ltr'>matura</span> <span class='ocrx_word' id='word_1_204' title='bbox 984 1986 1167 2026; x_wconf 89' lang='lat' dir='ltr'>videbere</span> <span class='ocrx_word' id='word_1_205' title='bbox 1200 1988 1337 2039; x_wconf 86' lang='lat' dir='ltr'>matri,</span> 
     </span>
     <span class='ocr_line' id='line_1_33' title="bbox 138 2045 1168 2096; baseline -0.001 -11"><span class='ocrx_word' id='word_1_206' title='bbox 138 2054 205 2085; x_wconf 84' lang='lat'>560</span> <span class='ocrx_word' id='word_1_207' title='bbox 286 2045 421 2084; x_wconf 80' lang='lat' dir='ltr'>Comat</span> <span class='ocrx_word' id='word_1_208' title='bbox 452 2047 646 2096; x_wconf 86' lang='lat' dir='ltr'>virgineas</span> <span class='ocrx_word' id='word_1_209' title='bbox 678 2045 787 2084; x_wconf 89' lang='lat' dir='ltr'>hasta</span> <span class='ocrx_word' id='word_1_210' title='bbox 820 2057 983 2084; x_wconf 90' lang='lat' dir='ltr'>recurva</span> <span class='ocrx_word' id='word_1_211' title='bbox 1016 2058 1168 2084; x_wconf 86' lang='lat' dir='ltr'>comas.</span> 
     </span>
     <span class='ocr_line' id='line_1_34' title="bbox 226 2104 1413 2157; baseline 0 -13"><span class='ocrx_word' id='word_1_212' title='bbox 226 2105 357 2144; x_wconf 89' lang='lat' dir='ltr'>Conde</span> <span class='ocrx_word' id='word_1_213' title='bbox 391 2111 476 2143; x_wconf 86' lang='lat' dir='ltr'>tuas</span> <span class='ocrx_word' id='word_1_214' title='bbox 497 2136 507 2155; x_wconf 88' lang='lat'><em>,</em></span> <span class='ocrx_word' id='word_1_215' title='bbox 539 2104 759 2155; x_wconf 81' lang='lat' dir='ltr'>Hymenaee</span> <span class='ocrx_word' id='word_1_216' title='bbox 779 2135 789 2152; x_wconf 89' lang='lat'><em>,</em></span> <span class='ocrx_word' id='word_1_217' title='bbox 823 2104 947 2157; x_wconf 87' lang='lat' dir='ltr'>facis,</span> <span class='ocrx_word' id='word_1_218' title='bbox 980 2109 1018 2143; x_wconf 91' lang='lat' dir='ltr'>et</span> <span class='ocrx_word' id='word_1_219' title='bbox 1050 2104 1096 2143; x_wconf 89' lang='lat' dir='ltr'>ab</span> <span class='ocrx_word' id='word_1_220' title='bbox 1129 2104 1286 2156; x_wconf 86' lang='lat' dir='ltr'>ignibus</span> <span class='ocrx_word' id='word_1_221' title='bbox 1318 2106 1413 2144; x_wconf 89' lang='lat' dir='ltr'>atris</span> 
     </span>
     <span class='ocr_line' id='line_1_35' title="bbox 284 2162 1324 2214; baseline 0.001 -12"><span class='ocrx_word' id='word_1_222' title='bbox 284 2162 434 2203; x_wconf 82' lang='lat' dir='ltr'>Aufer!</span> <span class='ocrx_word' id='word_1_223' title='bbox 479 2162 624 2202; x_wconf 90' lang='lat' dir='ltr'>habent</span> <span class='ocrx_word' id='word_1_224' title='bbox 656 2163 748 2202; x_wconf 89' lang='lat' dir='ltr'>alias</span> <span class='ocrx_word' id='word_1_225' title='bbox 779 2169 925 2202; x_wconf 88' lang='lat' dir='ltr'>maesta</span> <span class='ocrx_word' id='word_1_226' title='bbox 958 2163 1164 2214; x_wconf 90' lang='lat' dir='ltr'>sepulchra</span> <span class='ocrx_word' id='word_1_227' title='bbox 1197 2164 1324 2203; x_wconf 84' lang='lat' dir='ltr'>faces.</span> 
     </span>
     <span class='ocr_line' id='line_1_36' title="bbox 226 2221 1330 2276; baseline 0.001 -15"><span class='ocrx_word' id='word_1_228' title='bbox 226 2222 272 2261; x_wconf 93' lang='lat' dir='ltr'>Di</span> <span class='ocrx_word' id='word_1_229' title='bbox 305 2234 461 2274; x_wconf 88' lang='lat' dir='ltr'>quoque</span> <span class='ocrx_word' id='word_1_230' title='bbox 494 2222 729 2273; x_wconf 85' lang='lat' dir='ltr'>templorum</span> <span class='ocrx_word' id='word_1_231' title='bbox 764 2221 915 2261; x_wconf 81' lang='lat' dir='ltr'>foribus</span> <span class='ocrx_word' id='word_1_232' title='bbox 948 2222 1127 2261; x_wconf 86' lang='lat' dir='ltr'>celentur</span> <span class='ocrx_word' id='word_1_233' title='bbox 1159 2224 1307 2274; x_wconf 88' lang='lat' dir='ltr'>opertis</span> <span class='ocrx_word' id='word_1_234' title='bbox 1319 2254 1330 2276; x_wconf 88' lang='lat'>‚</span> 
     </span>
     <span class='ocr_line' id='line_1_37' title="bbox 284 2280 1264 2332; baseline 0.001 -12"><span class='ocrx_word' id='word_1_235' title='bbox 284 2280 389 2320; x_wconf 89' lang='lat' dir='ltr'>Ture</span> <span class='ocrx_word' id='word_1_236' title='bbox 421 2288 558 2320; x_wconf 89' lang='lat' dir='ltr'>vacent</span> <span class='ocrx_word' id='word_1_237' title='bbox 591 2293 678 2319; x_wconf 86' lang='lat' dir='ltr'>arae</span> <span class='ocrx_word' id='word_1_238' title='bbox 712 2287 894 2332; x_wconf 88' lang='lat' dir='ltr'>stentque</span> <span class='ocrx_word' id='word_1_239' title='bbox 928 2283 1012 2320; x_wconf 89' lang='lat' dir='ltr'>sine</span> <span class='ocrx_word' id='word_1_240' title='bbox 1044 2283 1133 2332; x_wconf 87' lang='lat' dir='ltr'>igne</span> <span class='ocrx_word' id='word_1_241' title='bbox 1166 2282 1264 2321; x_wconf 83' lang='lat' dir='ltr'>soci.</span> 
     </span>
     <span class='ocr_line' id='line_1_38' title="bbox 137 2339 1378 2393; baseline 0 -13"><span class='ocrx_word' id='word_1_242' title='bbox 137 2348 204 2380; x_wconf 87' lang='lat'>565</span> <span class='ocrx_word' id='word_1_243' title='bbox 225 2339 338 2379; x_wconf 92' lang='lat' dir='ltr'>Nunc</span> <span class='ocrx_word' id='word_1_244' title='bbox 371 2341 519 2379; x_wconf 87' lang='lat' dir='ltr'>animae</span> <span class='ocrx_word' id='word_1_245' title='bbox 553 2345 692 2380; x_wconf 89' lang='lat' dir='ltr'>tenues</span> <span class='ocrx_word' id='word_1_246' title='bbox 725 2346 763 2380; x_wconf 89' lang='lat' dir='ltr'>et</span> <span class='ocrx_word' id='word_1_247' title='bbox 795 2352 960 2392; x_wconf 84' lang='lat' dir='ltr'>corpora</span> <span class='ocrx_word' id='word_1_248' title='bbox 992 2340 1126 2380; x_wconf 83' lang='lat' dir='ltr'>functa</span> <span class='ocrx_word' id='word_1_249' title='bbox 1158 2340 1378 2393; x_wconf 89' lang='lat' dir='ltr'>sepulchris</span> 
     </span>
    </p>
   </div>
  </div>
 </body>
</html>
