1570 2527
119 104 203 145 222
660 107 913 140 FASTORUM

117 236 149 278 5.
185 235 223 277 Ε
255 235 450 277 NON-F
513 236 550 277 6.
581 235 656 276 FF
719 237 755 277 7.
789 235 866 278 GC
924 237 961 279 8.
994 237 1075 280 HC
1137 238 1174 280 9.
1207 237 1247 280 A
1273 237 1450 282 AGON

235 332 427 377 Quattuor
459 331 555 370 adde
589 331 672 370 dies
704 331 832 371 ductis
864 345 910 371 ex
937 333 1072 372 ordine
1103 333 1248 387 Nonis,

292 390 407 427 lanus
439 389 599 440 Agonali
630 390 717 429 luce
749 391 914 441 piandus
947 393 1043 430 erit.

233 448 409 487 Nominis
441 460 526 487 esse
560 455 689 499 potest
719 451 944 488 succinctus
977 461 1093 488 causa
1123 452 1324 505 minister,

146 515 213 547 320
295 506 426 545 Hostia
460 507 663 546 caelitibus
697 519 773 558 quo
806 509 970 546 feriente
1003 509 1128 561 cadit,

234 566 309 611 Qui
341 565 464 604 calido
497 567 655 604 strictos
688 568 884 605 tincturus
916 568 1103 617 sanguine
1135 566 1307 621 cultros,

293 624 455 675 Semper
487 630 622 675 agatne
641 655 653 676 7
685 631 823 677 rogat,
854 637 927 664 nec
959 626 1035 664 nisi
1065 627 1196 665 iussus
1227 627 1327 677 agit.

234 681 347 733 [Pars
365 713 377 735 ‚
408 684 499 734 quia
529 695 608 722 non
640 684 796 722 veniant
827 683 999 734 pecudes
1017 714 1028 735 ,
1060 684 1129 723 sed
1160 691 1324 736 agantur

958 741 1005 781 ab
1037 748 1150 795 actu,

290 799 440 839 Nomen
471 800 681 851 Agonalem
713 800 838 839 credit
868 800 1012 839 habere
1044 801 1168 840 diem.

144 866 211 898 325
244 858 338 897 Pars
370 864 481 910 putat
511 859 584 897 hoc
617 860 761 898 festum
792 861 932 910 priscis
963 859 1120 910 Agnalia
1151 859 1322 914 dictum,

291 916 373 955 Una
405 918 455 955 sit
487 923 530 956 ut
560 919 720 968 proprio
751 917 879 956 littera
912 917 1068 969 dempta
1099 917 1226 969 loeo.]

230 975 319 1027 An,
352 977 441 1026 quia
473 977 671 1026 praevisos
702 977 741 1014 in
774 988 872 1026 aqua
904 977 1015 1015 timet
1045 976 1172 1016 hostia
1203 977 1372 1031 cultros,

288 1034 319 1072 A
351 1035 505 1084 pecoris
535 1033 602 1072 lux
634 1039 694 1073 est
724 1035 808 1085 ipsa
839 1041 970 1073 notata
1002 1033 1144 1073 metu‘?

232 1092 305 1131 Fas
338 1094 453 1131 etiam
473 1124 483 1143 ,
514 1092 599 1131 fieri
631 1092 753 1131 solitis
786 1098 910 1131 aetate
942 1094 1120 1144 priorum

142 1159 210 1191 330
288 1150 452 1189 Nomina
484 1150 530 1189 de
562 1150 664 1189 ludis
698 1150 844 1189 Graeca
875 1150 1012 1190 tulisse
1044 1151 1170 1191 diem.

229 1208 280 1248 Et
310 1221 430 1260 pecus
462 1209 646 1259 antiquus
679 1209 832 1248 dicebat
863 1210 1011 1260 Agonia
1041 1221 1194 1263 sermo3

288 1266 464 1318 Veraque
496 1267 640 1306 iudicio
674 1273 734 1306 est
765 1267 898 1306 ultima
930 1280 1045 1307 causa
1077 1280 1187 1307 meo.

230 1325 358 1376 thue
391 1338 434 1364 ea
466 1337 545 1364 non
577 1331 683 1365 certa
715 1332 803 1377 est,
834 1327 887 1364 ita
919 1338 988 1365 rex
1019 1326 1172 1378 placare
1204 1339 1406 1368 sacrorum

289 1383 456 1423 Numina
486 1384 682 1435 lanigerae
714 1385 879 1435 coniuge
912 1384 1028 1423 debet
1059 1386 1164 1424 ovis.

141 1449 208 1482 335
229 1441 391 1480 Victima
409 1474 421 1495 ‚
453 1455 550 1494 quae
583 1442 725 1481 cecidit
755 1443 891 1482 dextra
921 1444 1082 1482 victrice
1100 1474 1111 1495 ,
1145 1450 1325 1498 vocatur3

287 1499 475 1539 Hostibus
507 1513 528 1539 a
559 1500 716 1540 domitis
746 1500 874 1540 hostia
904 1513 1047 1540 nomen
1077 1501 1216 1542 habet.

228 1559 357 1611 Ante,
390 1559 483 1598 deos
514 1559 664 1598 homini
696 1560 799 1611 quod
831 1560 1038 1599 conciliare
1070 1560 1240 1612 valeret,

288 1617 362 1656 Far
394 1624 477 1657 erat
509 1624 548 1657 et
579 1619 669 1669 puri
701 1618 827 1657 lueida
858 1620 957 1658 mica
989 1617 1104 1658 salis.

228 1675 410 1715 Nondum
442 1675 658 1728 pertulerat
688 1676 906 1716 lacrimatas
938 1679 1085 1716 cortice
1116 1688 1269 1717 murras

140 1741 208 1773 340
286 1734 381 1773 Acta
411 1746 482 1786 per
515 1746 728 1785 aequoreas
759 1735 912 1786 hospita
944 1737 1051 1774 navis
1083 1748 1226 1787 aquas3

229 1791 333 1831 Tura
365 1804 437 1831 nec
468 1791 718 1844 Euphrates,
750 1805 823 1831 nec
855 1795 1013 1832 miserat
1044 1793 1153 1832 India
1184 1799 1359 1847 costum,

286 1850 367 1889 Nec
399 1851 555 1890 fuerant
584 1850 696 1889 rubri
727 1852 880 1902 cognita
911 1851 974 1890 fila
1006 1853 1133 1890 croci.

226 1909 303 1948 Ara
335 1908 448 1948 dabat
480 1909 607 1948 fumos
638 1908 771 1948 herbis
804 1915 987 1948 contenta
1019 1909 1195 1964 Sabinis,

287 1966 337 2006 Et
368 1979 446 2006 non
479 1969 618 2019 exiguo
651 1967 785 2007 laurus
816 1967 952 2007 adusta
985 1980 1103 2008 sono.

140 2033 207 2065 345
229 2025 362 2077 Siquis
394 2032 506 2079 erat,
537 2027 649 2065 factis
681 2028 782 2078 prati
813 2025 861 2065 de
892 2026 989 2065 ssore
1021 2028 1176 2066 coronis

288 2084 364 2130 Qui
394 2090 529 2135 posset
559 2084 678 2123 violas
711 2084 852 2123 addere
871 2116 882 2137 ,
913 2085 1021 2124 dives
1053 2091 1161 2124 erat.

226 2141 298 2181 Hic
317 2173 328 2194 ‚
361 2144 428 2194 qui
459 2155 564 2182 nunc
596 2144 722 2194 aperit
752 2145 930 2194 percussi
961 2145 1110 2183 viscera
1141 2144 1265 2196 tauri,

287 2200 328 2238 In
362 2203 484 2240 sacris
515 2201 665 2240 nullum
698 2201 823 2240 culter
854 2200 1022 2241 habebat
1052 2213 1172 2253 opus.

226 2258 357 2297 Prima
389 2259 507 2298 Ceres
539 2260 669 2299 avidae
701 2262 830 2311 gavisa
862 2266 921 2299 est
952 2262 1138 2310 sanguine
1170 2271 1336 2313 porcae,

139 2324 206 2356 350
286 2316 372 2356 Ulta
403 2329 493 2357 suas
525 2319 665 2357 merita
697 2318 814 2357 caede
846 2320 1023 2358 nocentis
1055 2330 1172 2370 opes.
