1570 2527
196 132 281 172 300
737 134 989 167 FASTORUM

315 241 445 291 Dixit,
479 248 518 279 et
550 240 754 292 egrediens
786 242 929 281 nubem
963 243 1109 294 trahit,
1142 245 1260 294 inque
1293 243 1482 282 dracones

373 299 556 350 Transit,
590 306 628 338 et
660 299 794 338 alifero
827 301 976 339 tollitur
1007 313 1076 340 axe
1109 301 1249 340 Ceres.

316 357 464 395 Sunion
498 359 715 408 expositum
748 358 959 410 Piraeaque
993 365 1076 398 tuta
1108 371 1265 398 recessu

372 414 560 466 Linquit,
593 422 632 454 et
663 418 702 454 in
734 416 913 455 dextrum
947 429 1045 467 quae
1077 419 1176 455 iacet
1208 430 1275 456 ora
1307 418 1430 457 latus.

226 481 292 511 565
314 471 412 511 Hinc
444 475 514 512 init
548 475 741 525 Aegaeum
761 506 771 526 ,
805 487 881 526 quo
915 475 1098 526 Cycladas
1130 477 1268 526 aspicit
1300 488 1458 527 omnes,

373 531 601 582 Ioniumque
634 544 751 582 rapax
783 533 1028 584 Icariumque
1060 533 1175 584 legit,

314 589 466 640 Perque
499 590 618 628 urbes
650 591 761 629 Asiae
793 591 949 642 longum
982 593 1079 642 petit
1110 591 1429 643 Hellespontum,

374 647 655 699 Diversumque
688 649 782 687 locis
816 649 890 688 alta
921 656 1099 700 pererrat
1130 651 1227 689 iter.

313 705 408 744 Nam
441 707 554 745 modo
587 707 773 757 turilegos
807 708 980 759 Arabas,
1013 708 1126 746 modo
1158 708 1325 760 despicit
1355 708 1493 760 Indos,

227 773 293 802 570
373 764 472 802 Hinc
505 764 620 816 Libys
640 796 650 816 ,
684 766 774 804 hinc
807 765 935 805 Meroe
969 768 1150 817 siccaque
1181 772 1286 805 terra
1319 766 1475 805 subest:

313 821 426 860 Nunc
460 823 538 861 adit
570 823 811 875 Hesperios,
843 824 1021 863 Rhenum
1054 825 1363 876 Rhodanumque

1040 883 1264 934 Padumque

373 939 505 990 Teque
526 971 536 991 ,
570 940 698 978 future
733 952 902 992 parens,
935 940 1108 992 Thybri,
1140 943 1311 992 potentis
1343 953 1487 992 aquae.

315 997 399 1043 Quo
434 999 538 1036 seror
558 995 578 1036 Ῥ
622 1000 842 1037 inmensum
875 1006 934 1038 est
967 1005 1113 1038 erratas
1145 1000 1275 1038 dicere
1308 1005 1455 1038 terras.

374 1056 615 1094 Praeteritus
649 1056 782 1095 Cereri
815 1057 945 1095 nullus
977 1059 1016 1095 in
1049 1057 1142 1096 orbe
1175 1057 1306 1096 locus.

227 1121 293 1153 575
315 1113 429 1152 Errat
462 1121 500 1152 et
531 1116 570 1152 in
603 1114 707 1152 caelo
728 1146 737 1164 ,
771 1115 984 1165 liquidique
1017 1117 1189 1154 inmunia
1222 1117 1331 1166 ponti

373 1172 604 1222 Adloquitur
636 1172 762 1222 gelido
795 1175 969 1223 proxima
1002 1175 1109 1225 signa
1142 1173 1253 1224 polo.

317 1228 588 1268 ‘Parrhasides
610 1230 741 1268 stellae
758 1263 768 1281 ,
789 1253 832 1258 —
857 1243 1023 1282 namque
1051 1234 1177 1270 omnia
1204 1244 1318 1271 nosse
1345 1234 1528 1284 potestiS,

375 1289 598 1338 Aequoreas
632 1301 843 1339 numquam
877 1302 965 1328 cum
998 1290 1169 1328 subeatis
1201 1303 1320 1341 aquas
1351 1313 1394 1317 —

314 1347 591 1397 Persephonen
625 1353 750 1385 natam
785 1349 949 1386 miserae
982 1354 1195 1387 monstrate
1227 1346 1423 1399 parentil'

229 1413 295 1444 580
374 1405 559 1443 Dixerat.
616 1405 707 1444 huic
740 1405 871 1444 Helice
904 1406 991 1444 talia
1024 1406 1140 1445 verba
1172 1408 1318 1446 refert:

316 1460 507 1502 ‘Crimine
540 1476 614 1501 nox
647 1476 764 1502 vacua
799 1470 887 1515 est3
921 1464 1050 1503 Solem
1082 1465 1129 1503 de
1162 1467 1308 1516 virgine
1341 1472 1449 1516 rapta

374 1521 570 1573 Consule,
604 1524 671 1572 qui
703 1522 776 1560 late
810 1523 908 1561 sacta
941 1523 1079 1561 diurna
1111 1520 1260 1562 vi‹let.'

318 1580 383 1618 Sol
416 1581 542 1619 aditus
576 1577 713 1630 ‘quam
747 1578 951 1631 quaeris,'
984 1583 1036 1619 ait
1068 1578 1136 1620 ‘ne
1168 1594 1263 1620 vana
1296 1581 1470 1633 labores,

373 1639 499 1689 Nupta
532 1638 632 1676 Iovis
665 1640 775 1678 fratri
807 1641 920 1678 tertia
953 1652 1070 1689 regna
1105 1637 1253 1678 tenet.'

229 1704 294 1735 585
316 1696 459 1742 Questa
492 1697 557 1735 diu
591 1709 752 1747 secum,
785 1699 840 1736 sic
874 1704 933 1736 est
964 1698 1088 1736 adfata
1121 1697 1358 1750 Tonantem,

374 1755 614 1805 Maximaque
647 1757 686 1792 in
720 1755 823 1793 voltu
857 1757 965 1805 signa
997 1756 1165 1794 dolentis
1197 1763 1329 1795 erant:

318 1811 380 1851 ‘Si
413 1825 561 1851 memor
594 1824 664 1863 es,
697 1812 743 1850 de
777 1825 852 1863 quo
886 1814 980 1851 mihi
1012 1815 1061 1851 sit
1093 1813 1326 1865 Proserpina
1360 1819 1470 1865 nata,

375 1871 584 1910 Dimidium
618 1882 733 1909 curae
767 1871 881 1909 debet
913 1871 1056 1910 habere
1088 1877 1199 1911 tuae.

317 1929 420 1968 Orbe
453 1935 655 1980 pererrato
689 1929 767 1967 sola
800 1935 860 1968 est
889 1931 1029 1968 iniuria
1063 1930 1154 1968 sacti

228 1996 294 2027 590
374 1988 561 2038 Cognita.
619 1989 815 2026 commissi
847 1989 1017 2038 praemia
1048 1993 1182 2039 raptor
1214 1987 1350 2027 habet.

315 2048 363 2085 At
394 2058 520 2097 neque
552 2045 802 2096 Persephone
835 2047 949 2096 digna
980 2052 1039 2084 est
1070 2046 1264 2097 praedone
1297 2047 1458 2098 marito,

374 2104 453 2143 Nec
485 2116 605 2155 gener
636 2103 710 2142 hoc
743 2103 854 2141 nobis
888 2116 994 2142 more
1027 2105 1220 2155 parandus
1253 2110 1356 2143 erat.

317 2163 417 2208 Quid
450 2164 604 2214 gravius
636 2163 782 2200 victore
815 2162 918 2213 Gyge
951 2164 1099 2213 captiva
1130 2162 1331 2213 tulissem,

376 2221 498 2266 Quam
532 2232 635 2259 nunc
667 2226 706 2259 te
738 2220 833 2258 caeli
866 2227 1019 2271 sceptra
1050 2226 1206 2259 tenente
1239 2218 1344 2259 tuli?

229 2287 295 2318 595
316 2279 459 2318 Verum
492 2281 650 2329 impune
685 2279 782 2317 ferat
801 2310 811 2329 ,
844 2291 914 2317 nos
945 2279 1040 2317 haec
1071 2281 1264 2329 patiemur
1295 2277 1456 2331 inultae;

375 2337 548 2388 Reddat,
587 2342 625 2376 et
657 2336 837 2375 emendet
870 2337 967 2375 sacta
999 2337 1128 2387 priora
1160 2333 1317 2376 novis.'
