1570 2527
167 119 245 161 146
695 120 759 151 EX
789 113 947 152 PONT'O

336 228 465 268 Audet
495 227 542 266 ad
574 227 764 265 humanos
795 227 897 265 fessa
928 228 1060 266 venire
1093 227 1226 265 sinus.

278 286 358 326 Nec
392 298 432 325 se
464 287 592 324 vicino
625 285 777 324 dubitat
808 286 1053 324 committere
1084 290 1213 336 tecto,

214 353 259 384 40
340 345 446 391 Quae
479 344 578 394 fugit
608 343 772 382 infestos
803 345 942 382 territa
974 354 1087 382 cerva
1118 353 1234 381 canes
1248 340 1275 392 .]

279 402 362 454 Da,
402 413 573 454 precor,
614 413 815 441 accessum
856 401 1054 452 lacrimis,
1095 401 1324 452 mitissime,

1003 460 1173 509 nostris,
1436 466 1494 498 (40)

338 517 419 557 Nec
451 518 614 569 rigidam
645 518 791 557 timidis
823 517 985 556 vocibus
1017 516 1116 555 obde
1148 517 1297 568 forem3

281 575 484 628 Verbaque
516 582 650 615 nostra
680 577 813 614 favens
845 576 1017 614 Romana
1048 575 1094 613 ad
1127 576 1286 613 numina
1315 574 1471 626 perfer,

339 634 425 673 Non
458 634 530 673 tibi
561 634 728 686 Tarpeio
761 633 864 672 culta
895 633 1071 672 Tonante
1102 634 1255 672 minus.

216 700 260 732 45
280 692 527 744 Mandatique
559 694 635 731 mei
666 692 817 743 legatus
850 693 1004 743 suscipe
1037 703 1215 730 causam:

338 750 452 790 Nulla
482 763 569 790 meo
602 752 778 802 quamvis
809 752 965 789 nomine
998 761 1114 788 causa
1144 749 1245 788 hona
1277 754 1359 789 est.

280 808 358 848 Iam
390 821 513 861 prope
546 809 746 861 depositus
765 841 776 860 ,
809 815 914 847 certe
946 809 1021 847 iam
1054 807 1218 859 frigidus
1250 819 1367 859 aeger

342 867 527 906 Servatus
559 879 630 918 per
661 873 699 906 te
719 899 730 919 ,
761 868 794 905 si
825 866 939 905 modo
972 878 1136 918 servor,
1168 877 1261 905 ero.

279 926 393 965 Nunc
425 932 490 964 tua
522 937 593 976 pro
625 925 738 964 lassis
769 926 916 964 nitatur
949 926 1071 975 gratia
1102 923 1245 975 rebus,

218 992 260 1024 50
340 983 534 1035 Principis
566 985 717 1023 aeterni
749 995 864 1034 quam
896 982 966 1022 tibi
998 988 1170 1034 praestat
1202 994 1333 1021 amor.

282 1041 395 1082 Nunc
427 1042 498 1081 tihi
531 1048 569 1081 et
600 1042 745 1093 eloquii
775 1043 879 1080 nitor
911 1041 975 1080 ille
1008 1041 1246 1080 domesticus
1278 1040 1400 1092 adsit,

340 1100 425 1146 Quo
457 1106 615 1151 poteras
647 1100 810 1151 trepidis
841 1099 948 1138 utilis
981 1111 1067 1138 esse
1099 1100 1200 1138 reis.

281 1158 384 1198 Vivit
415 1161 518 1197 enim
550 1160 590 1197 in
623 1158 730 1197 vobis
763 1158 919 1197 facundi
950 1157 1082 1208 lingua
1112 1158 1309 1209 parentis,

340 1216 389 1256 Et
420 1229 484 1255 ies
516 1216 701 1255 heledem
733 1218 909 1268 repperit
938 1215 1003 1255 illa
1034 1228 1171 1255 suum.

219 1284 261 1314 55
282 1274 390 1314 Hanc
423 1286 523 1327 ego,
556 1287 634 1313 non
667 1280 710 1313 ut
740 1286 802 1313 me
829 1274 1039 1313 defendele
1071 1279 1266 1341 temptet,
1298 1246 1440 1314 adoro:

340 1333 426 1372 Non
459 1338 519 1372 est
550 1333 720 1372 confessi
751 1344 866 1372 causa
898 1332 1043 1372 tuenda
1074 1334 1158 1371 rei.

281 1390 382 1431 Num
413 1396 543 1431 tamen
577 1403 740 1430 excuses
773 1392 920 1430 erroris
953 1392 1102 1441 origine
1135 1391 1304 1443 factum,

340 1451 399 1488 An
430 1449 526 1489 nihil
561 1449 740 1500 expediat
770 1450 847 1489 tale
879 1461 1036 1488 movere
1055 1481 1066 1501 ,
1097 1448 1208 1488 vide.

282 1507 464 1548 Vulneris
495 1508 534 1546 id
566 1520 690 1559 genus
722 1513 809 1559 est,
849 1508 951 1559 quod
990 1519 1080 1546 cum
1112 1506 1283 1546 sanabile
1315 1518 1394 1546 non
1425 1508 1497 1559 sit,

220 1575 263 1606 60
343 1565 428 1605 Non
461 1568 699 1606 contrectari
731 1568 854 1605 tutius
888 1579 972 1605 esse
1004 1572 1123 1617 puto.

281 1624 430 1675 Lingua
449 1657 460 1677 ,
492 1624 591 1664 sile.
643 1636 722 1663 non
754 1630 814 1664 est
845 1624 948 1663 ultra
978 1623 1172 1663 narrabile
1205 1625 1439 1675 quicquam.

341 1683 463 1721 Posse
495 1683 608 1721 velim
641 1685 794 1722 cineres
825 1682 994 1721 obruere
1024 1684 1108 1734 ipse
1140 1694 1271 1721 meos.

284 1740 349 1780 Sic
380 1742 499 1791 igitur
518 1773 529 1792 ,
561 1742 672 1791 quasi
703 1752 765 1779 me
797 1740 928 1779 nullus
960 1740 1160 1791 deceperit
1191 1752 1325 1792 error,
1443 1748 1498 1781 (41)

343 1798 467 1838 Verba
500 1799 559 1838 fac
577 1829 588 1850 ,
619 1805 664 1838 ut
693 1800 799 1850 vita,
833 1810 948 1849 quam
980 1798 1087 1837 dedit
1112 1800 1195 1849 ipse
1214 1829 1224 1849 ,
1256 1798 1386 1837 fruar.

221 1867 263 1899 65
285 1857 461 1908 Cumque
494 1869 658 1896 serenus
689 1858 796 1908 erit,
826 1857 1036 1907 vultusque
1068 1857 1265 1895 remiserit
1295 1856 1405 1907 illos,

343 1915 419 1961 Qui
450 1928 583 1955 secum
614 1921 742 1955 terras
773 1917 1059 1967 imperiumque
1091 1920 1273 1954 movent:

285 1973 474 2025 Exiguam
505 1987 553 2014 ne
585 1985 648 2013 me
680 1973 861 2025 praedam
894 1975 994 2013 sinat
1025 1985 1110 2013 esse
1144 1973 1353 2024 Getarum,

343 2033 494 2084 Detque
527 2032 651 2073 solum
684 2034 848 2071 miserae
881 2033 1002 2084 mite,
1033 2044 1196 2083 precare
1215 2063 1226 2083 ,
1257 2032 1393 2082 fugae.

286 2091 457 2143 Tempus
496 2091 605 2130 adest
637 2097 767 2143 aptum
798 2090 1010 2142 precibuS.
1066 2090 1166 2129 valet
1202 2091 1286 2141 ipse
1318 2089 1498 2141 videtque

223 2157 266 2190 70
347 2150 451 2195 Quas
482 2151 576 2188 fecit
606 2151 738 2201 vires,
770 2149 890 2188 Roma
909 2180 920 2201 ,
951 2148 1078 2187 valere
1110 2155 1219 2187 tuas.

286 2208 496 2247 Incolumis
530 2209 699 2247 coniunx
725 2220 794 2247 sua
825 2207 1041 2259 pulvinaria
1072 2212 1225 2246 servat:

344 2266 553 2305 Promovet
583 2267 797 2306 Ausonium
829 2266 930 2305 filius
961 2267 1196 2316 imperiumz

287 2324 480 2364 Praeterit
510 2327 594 2376 ipse
627 2337 719 2364 suos
752 2326 879 2364 animo
912 2324 1166 2363 Germanicus
1197 2334 1341 2374 annos,
