1570 2527
586 137 649 169 111.
678 139 874 171 544—615.
1311 136 1337 176 2

1343 137 1362 176 ‚q

1370 137 1396 178 0!

91 252 158 283 580
237 244 423 296 Asperior
455 247 591 296 quovis
624 258 793 296 aequore
826 246 946 285 frater
978 252 1084 285 erat.

177 301 248 341 Est
279 314 400 354 prope
432 305 608 354 piscosos
640 303 803 355 lapidosi
835 304 1030 343 Crathidis
1063 316 1194 343 amnes

235 360 383 400 Parvus
415 373 533 414 ager,
568 362 757 401 Cameren
789 363 914 402 incola
947 363 1061 402 turba
1093 368 1225 402 vocat:

177 418 272 458 Illuc
305 432 445 459 cursus
479 426 590 460 erat.
646 433 719 460 nec
751 422 904 472 longius
936 422 1032 460 afuit
1064 422 1178 472 inde,

235 477 358 523 Quam
392 484 581 530 quantum
612 482 746 518 novies
778 482 932 519 mittere
965 480 1083 519 funda
1115 485 1266 531 potest:

89 544 156 575 585
177 535 265 575 Vela
299 537 444 576 cadunt
474 539 601 589 primo
633 544 672 577 et
703 538 819 577 dubia
851 539 1043 577 librantur
1076 538 1122 577 ab
1155 550 1270 577 aura.

237 591 411 634 ‘Findite
445 593 629 647 remigio’
665 598 791 636 navita
823 597 919 636 dixit
951 593 1136 648 ‘aquasZ'

177 653 356 704 Dumque
387 661 526 705 parant
558 661 659 694 torto
693 655 914 694 subducere
947 655 1105 694 carbasa
1137 655 1237 707 Ιίηο,

235 712 462 752 Percutitur
493 713 627 765 rapido
659 716 801 766 puppis
834 714 982 753 adunca
1013 720 1129 765 noto,

177 770 299 821 Inque
331 777 469 822 patens
502 784 678 824 aequor,
710 774 855 811 frustra
887 778 1085 823 pugnante
1116 772 1325 823 magistro,

90 836 157 868 590
236 829 379 868 Fertur
398 861 409 882 ‚
441 836 481 869 et
511 843 558 869 ex
591 831 714 869 oculis
746 833 826 870 visa
860 832 1004 881 refugit
1035 831 1200 870 humus.

176 887 371 927 Adsiliunt
400 888 545 928 fluctus
564 920 575 940 ‚
607 891 763 940 imoque
797 901 817 927 a
849 891 1002 940 gurgite
1035 894 1179 940 pontus

236 945 439 999 Vertitur,
472 952 512 986 et
543 959 658 986 canas
689 946 820 986 alveus
852 947 983 986 haurit
1015 959 1158 998 aquas.

178 1003 370 1053 [Vincitur
402 1017 465 1044 ars
496 1012 611 1045 vento
633 1037 641 1045 .
697 1018 769 1045 nec
802 1008 877 1044 iam
908 1005 1131 1045 moderator
1163 1004 1325 1044 habenis

235 1062 367 1102 Utitur
386 1095 397 1116 ‚
429 1070 495 1103 aut
526 1065 625 1103 votis
655 1064 716 1103 his
749 1077 905 1116 quoque
938 1066 1065 1116 poscit
1097 1076 1211 1116 opem
1227 1064 1253 1114 .]

91 1128 157 1159 595
178 1120 348 1160 Iactatur
379 1123 548 1162 tumidas
581 1123 670 1162 exul
701 1123 913 1162 Phoenissa
945 1135 1015 1174 per
1047 1123 1194 1175 unda5‚
1323 1131 1396 1162 (100)

235 1179 450 1232 Umidaque
483 1183 659 1233 opposita
691 1182 836 1220 lumina
868 1188 974 1221 veste
1008 1183 1126 1233 tegit.

177 1238 288 1278 Tunc
320 1241 490 1291 primum
522 1240 618 1278 Dido
652 1240 742 1278 felix
775 1246 834 1279 est
866 1240 968 1279 dicta
1000 1241 1128 1279 sorori

235 1297 286 1336 Et
316 1310 586 1349 quaecumque
620 1298 786 1349 aliquam
818 1311 983 1349 corpore
1015 1299 1161 1349 pressit
1192 1298 1377 1338 humum.

177 1355 329 1406 Figitur
360 1357 407 1395 ad
439 1356 613 1396 Laurens
645 1359 794 1408 ingenti
826 1357 980 1395 flamine
1014 1357 1105 1396 litus

90 1421 157 1453 600
235 1414 413 1467 Puppis,
445 1421 484 1454 et
515 1417 700 1467 expositis
733 1416 913 1454 omnihus
946 1415 1082 1454 hausta
1115 1416 1239 1466 perit.

176 1471 257 1511 Iam
288 1475 376 1524 pius
407 1474 558 1513 Aeneas
590 1486 711 1525 regno
744 1480 910 1525 nataque
943 1473 1071 1512 Latini

237 1531 385 1571 Auctus
417 1537 528 1584 erat⁷
561 1532 726 1583 populos
758 1534 1047 1584 miscueratque
1080 1532 1201 1571 duos.

178 1588 310 1629 Litore
342 1590 460 1630 dotali
492 1591 573 1629 solo
607 1593 812 1630 comitatus
845 1591 989 1630 Achate

237 1647 441 1688 Secretum
474 1650 577 1688 nudo
610 1650 702 1688 (lum
734 1650 832 1701 pede
865 1651 990 1700 carpit
1020 1651 1118 1700 iter,

90 1714 158 1745 605
178 1707 328 1758 Aspicit
358 1713 555 1747 errantem
573 1739 584 1760 ‚
617 1721 689 1747 nec
722 1708 884 1747 credere
917 1710 1086 1747 sustinet
1116 1708 1266 1746 Annam

236 1765 361 1805 Esse.
419 1767 510 1817 quid
543 1769 583 1805 in
614 1766 745 1806 Latios
776 1767 840 1806 illa
872 1768 1023 1805 veniret
1055 1763 1202 1818 agros?

177 1823 275 1863 Dum
308 1837 443 1864 secum
474 1826 624 1865 Aeneas
643 1857 654 1878 ‚
686 1823 811 1864 ‘Anna
843 1822 947 1864 est!'
987 1825 1175 1864 exclamat
1206 1823 1394 1863 Achates.

235 1883 291 1922 Ad
323 1895 466 1923 nomen
498 1884 624 1923 voltus
657 1884 816 1924 sustulit
847 1884 909 1923 illa
942 1896 1056 1923 suos.

178 1940 263 1986 Quo
290 1940 449 1993 fugiat?
486 1942 579 1993 quid
606 1941 729 1993 agat?
767 1955 865 1993 quos
892 1948 1020 1982 terrae
1048 1947 1210 1993 quaerat
1235 1939 1396 1980 hiatus?

91 2007 159 2039 610
236 1999 334 2038 Ante
367 2000 501 2039 oculos
533 2002 698 2040 miserae
730 2001 807 2039 fata
839 2002 987 2039 sororis
1020 2005 1154 2039 erant.

179 2057 338 2110 Sensit,
370 2064 409 2097 et
439 2058 663 2109 adloquitur
694 2058 886 2109 trepidam
919 2058 1149 2109 Cythereius
1181 2057 1323 2109 heros;

237 2115 322 2155 Flet
352 2121 482 2156 tamen
514 2117 713 2156 admonitu
746 2123 875 2156 motus
894 2112 912 2169 ‚'
936 2116 1060 2155 Elissa
1078 2148 1089 2169 ,
1122 2118 1203 2156 tui:

178 2170 331 2227 eAnna,
363 2187 435 2226 per
466 2175 565 2214 hanc
596 2177 683 2214 iuro
702 2206 713 2227 ,
746 2188 860 2227 quam
887 2176 1082 2226 quondam
1114 2174 1248 2214 audire

904 2233 1055 2273 solebas

237 2291 434 2331 Tellurem
467 2292 544 2331 sato
576 2294 824 2344 prosperiore
857 2292 963 2344 dari,

91 2357 158 2389 615
179 2349 331 2402 Perque
364 2350 457 2390 deos
490 2353 682 2404 comites,
714 2351 785 2390 hac
817 2363 943 2402 nuper
976 2350 1067 2390 sede
1098 2350 1267 2402 locatos,

1113 2418 1183 2451 18*
