1570 2527
614 154 677 186 111.
704 155 900 188 eea—884.
1342 152 1426 195 283

206 261 255 300 Et
286 272 397 300 soror
430 266 469 299 et
500 260 696 312 Phrixus,
730 261 843 300 velati
876 268 1052 313 tempora
1083 263 1213 314 vittis,

265 320 378 359 Stant
409 319 524 358 simul
556 325 644 358 ante
677 331 762 358 aras
781 351 791 371 ,
824 322 1033 372 iunctaque
1068 321 1143 359 fata
1175 327 1358 372 gemunt.

205 379 354 430 Aspicit
384 377 485 429 hos,
518 384 561 416 ut
593 378 692 416 sorte
725 379 966 430 pependerat
999 380 1186 431 aethere,
1219 385 1366 431 mater,

264 436 314 476 Et
345 437 436 484 ferit
469 438 630 475 attonita
662 443 823 488 pectora
855 438 958 476 nuda
992 450 1132 477 manu:

118 504 184 536 865
217 496 340 547 Inque
373 495 672 546 draconigenam
704 496 847 535 nimbis
880 496 1157 536 comitantibus
1190 496 1329 535 urbem

264 554 428 602 Desilit,
461 561 500 593 et
532 560 642 593 natos
676 556 793 606 eripit
824 555 915 594 inde
948 568 1063 594 suos.

206 612 332 664 thue
365 613 496 664 sugam
527 615 708 664 capiant,
740 615 842 652 aries
874 614 1135 653 nitidissimus
1167 626 1262 653 auro

265 671 478 710 Traditur:
522 671 585 710 ille
618 672 723 711 vehit
755 684 825 723 per
858 673 956 712 freta
988 673 1101 723 longa
1133 673 1254 712 duos.

206 730 357 769 Dicitur
388 731 541 769 infirma
574 743 697 770 cornu
730 733 904 770 tenuisse
937 733 1097 771 sinistra

118 797 185 830 870
264 789 452 840 Femina,
486 801 573 828 cum
607 789 654 828 de
686 802 727 828 se
760 792 917 829 nomina
949 791 1042 829 fecit
1074 802 1218 841 aquae.

204 848 333 886 Paene
366 847 482 886 simul
513 849 658 898 periit,
690 848 781 887 dum
815 849 893 887 volt
925 861 1160 888 succurrere
1193 849 1346 901 lapsae,

264 906 430 957 Frater,
463 912 502 944 et
534 912 709 944 extentas
741 908 908 957 porrigit
939 920 1064 958 usque
1096 920 1257 946 manus.

205 964 369 1016 Flebat,
401 971 445 1003 ut
476 966 616 1003 amissa
648 966 794 1015 gemini
827 972 1008 1004 consorte
1041 967 1202 1018 pericli,

263 1023 452 1062 Caeruleo
483 1025 656 1062 iunctam
689 1025 847 1062 nescius
881 1036 967 1063 esse
1000 1024 1096 1063 de0.

118 1090 184 1122 875
205 1081 405 1121 Litoribus
437 1084 550 1121 tactis
583 1084 684 1121 aries
717 1083 759 1121 fit
791 1083 928 1122 sidus:
973 1089 1011 1122 at
1042 1083 1160 1122 huius

263 1140 447 1180 Pervenit
478 1142 518 1179 in
551 1140 711 1179 Colchas
744 1153 861 1180 aurea
892 1141 978 1180 lana
1011 1142 1170 1180 domos.

288 1255 355 1298 24.
388 1254 421 1298 O
448 1253 775 1304 QREx-OF
838 1255 905 1297 25.
937 1255 1018 1297 DC
1080 1257 1146 1298 26.
1179 1256 1257 1299 EC

206 1351 304 1391 Tres
337 1351 405 1390 ubi
436 1351 621 1390 luciferos
654 1353 815 1391 veniens
847 1354 1096 1403 praemiserit
1127 1352 1228 1406 Eos,

263 1411 456 1462 Tempora
488 1412 693 1449 nocturnis
725 1423 848 1462 aequa
881 1411 1021 1449 diurna
1053 1412 1180 1450 seres.

118 1525 182 1566 27⁴
217 1522 323 1565 ΕΝ)
343 1536 576 1568 Hoc-DIE
617 1536 1391 1569 CAESAR-ALEXAND·RECEP1T

364 1584 432 1626 28.
465 1582 544 1626 GC
607 1584 674 1626 29.
707 1582 790 1625 HC
853 1584 919 1626 30.
954 1584 1035 1627 AC
1057 1584 1156 1641 (N2)

205 1678 298 1718 lnde
332 1686 470 1730 quater
502 1686 635 1731 pastor
668 1686 821 1719 saturos
854 1680 920 1719 ubi
954 1679 1138 1720 clauserit
1170 1681 1339 1734 haedos,

118 1746 184 1777 880
264 1737 478 1777 Canuerint
509 1738 652 1777 herbae
686 1751 775 1778 rore
808 1745 967 1778 recente
1000 1746 1160 1792 quater,

206 1795 318 1835 lanus
351 1797 571 1836 adorandus
604 1809 772 1849 cumque
806 1798 878 1836 hoc
912 1797 1128 1838 Concordia
1160 1800 1265 1839 mitis
1352 1809 1426 1840 (113)

263 1856 314 1894 Et
347 1854 516 1895 Romana
551 1855 663 1896 Salus
696 1868 840 1908 araque
872 1856 983 1896 Pacis
1017 1858 1114 1897 erit.

667 1971 733 2013 31.
768 1970 843 2014 CC

206 2064 314 2104 Luna
347 2066 446 2117 regit
479 2066 655 2105 mensis:
697 2066 814 2106 liuius
848 2079 1004 2120 quoque
1038 2075 1213 2121 tempora
1246 2071 1390 2108 mensis

265 2123 369 2164 Finit
399 2126 591 2164 Aventino
624 2123 732 2164 Luna
766 2125 926 2165 colenda
958 2129 1071 2179 iugo.
