1570 2527
175 116 263 158 292
709 119 961 152 PASTORUM

352 226 512 277 Quaque
545 227 738 277 Carysteis
770 227 962 277 frangitur
994 228 1097 267 unda
1129 229 1256 268 vadis.

295 285 469 335 [Transit
500 291 538 323 et
569 284 735 323 Icarium
754 317 765 337 ,
796 285 923 336 lapsas
956 286 1023 324 ubi
1054 287 1223 337 perdidit
1253 286 1330 326 alas

352 343 513 394 Icarus,
546 350 584 381 et
615 349 741 382 vastae
775 345 930 382 nomina
964 345 1054 383 fecit
1086 357 1206 396 aquae
1223 345 1249 395 .]

207 409 272 440 285
294 401 392 439 Tum
425 401 529 440 laeva
561 401 731 453 Creten,
764 402 898 440 dextra
930 402 1154 453 Pelopeidas
1186 403 1309 442 undas
1433 412 1506 444 (126)

352 459 533 511 Deserit,
567 467 605 498 et
636 460 796 498 Veneris
830 473 937 498 sacra
972 460 1136 511 Cythera
1168 463 1288 512 petit.

293 517 392 556 Hinc
424 530 529 556 mare
555 518 800 556 Trinacrium
819 549 830 570 ,
864 519 1032 557 candens
1059 519 1126 557 ubi
1155 521 1332 569 tinguere
1358 520 1507 558 ferrum

351 575 518 614 Brontes
551 583 590 614 et
623 576 807 627 Steropes
839 577 1151 628 Acmonidesque
1184 578 1330 629 solent,

294 635 550 685 Aequoraque
584 635 674 673 Afra
706 635 826 686 legit,
860 635 1083 686 Sardoaque
1115 648 1234 687 regna
1266 638 1436 675 sinistris

206 701 273 732 290
352 692 526 743 Respicit
558 706 577 731 a
609 695 756 745 remis,
788 694 1076 744 Ausoniamque
1108 701 1236 733 tenet.

294 751 401 790 Ostia
435 753 678 803 contigerat,
711 764 785 802 qua
818 765 859 790 se
891 752 1099 791 Tiberinus
1130 754 1171 791 in
1203 753 1321 792 altum

353 810 495 848 Dividit
528 816 566 848 et
597 822 732 860 campo
765 810 946 848 liberiore
980 817 1110 850 natat:

295 868 430 907 Omnis
463 881 582 919 eques
615 871 810 919 mixtaque
843 871 970 919 gravis
1002 882 1090 908 cnm
1122 869 1234 920 plebe
1267 876 1424 908 senatus

353 927 498 965 Obvius
530 927 576 965 ad
609 927 727 965 Tusci
759 927 930 965 ssuniinis
963 940 1028 965 ora
1060 929 1187 966 venit.

206 993 272 1024 295
293 984 518 1023 Procedant
548 987 694 1036 pariter
726 991 869 1023 matres
902 990 1090 1035 nataeque
1122 997 1324 1036 nurusque

353 1044 538 1094 Quaeque
571 1043 703 1082 colunt
735 1049 890 1081 sanctos
922 1045 1140 1094 virginitate
1173 1044 1305 1082 focos.

295 1101 435 1140 Sedula
469 1103 560 1140 fune
591 1103 663 1139 viri
695 1107 877 1140 contento
910 1101 1067 1140 brachia
1100 1102 1266 1140 lassant:

352 1160 421 1198 Vix
455 1160 560 1198 subit
591 1160 770 1197 adversas
802 1159 954 1210 hospita
987 1161 1093 1198 navis
1125 1172 1266 1211 aquas.

294 1219 403 1257 Sicca
436 1218 501 1256 diu
534 1219 660 1256 fuerat
691 1218 806 1256 tellus
825 1250 835 1269 ,
868 1219 952 1256 sitis
984 1225 1136 1256 usserat
1167 1218 1330 1257 herbas:

207 1285 274 1316 300
354 1277 463 1315 Sedit
493 1277 630 1314 limoso
662 1289 796 1327 pressa
829 1278 958 1314 carina
993 1277 1109 1315 vado.

295 1337 481 1385 Quisquis
513 1335 622 1373 adest
653 1336 791 1385 operi,
823 1335 911 1384 plus
944 1347 1058 1385 quam
1090 1347 1161 1385 pro
1193 1340 1303 1385 parte
1335 1334 1506 1387 laborat,

352 1394 516 1432 Adiuvat
548 1399 586 1431 et
618 1394 730 1431 fortis
762 1405 855 1431 voce
890 1400 1050 1432 sonante
1083 1405 1242 1431 manus.

294 1451 360 1490 1113
393 1452 497 1490 velut
529 1451 654 1489 medio
688 1451 837 1490 stabilis
869 1451 979 1489 sedet
1010 1451 1133 1489 insula
1166 1457 1307 1502 ponto.

352 1511 516 1548 Attoniti
549 1516 723 1548 monstro
757 1515 937 1560 stantque
970 1516 1187 1560 paventque
1219 1511 1312 1548 viri.

207 1577 273 1607 305
296 1568 452 1607 Claudia
486 1568 627 1613 Quinta
659 1580 783 1618 genus
815 1568 953 1606 Clauso
987 1568 1180 1607 referebat
1211 1568 1258 1606 ab
1290 1567 1389 1620 alto,

352 1627 432 1665 Nec
465 1628 582 1665 facies
614 1629 738 1676 impar
771 1626 971 1664 nobilitate
1004 1627 1099 1665 suit:

294 1685 406 1723 Casta
440 1685 625 1736 quidem,
664 1685 730 1723 sed
765 1697 841 1723 non
880 1690 918 1723 et
950 1685 1125 1724 credita.
1181 1696 1317 1723 rumor
1349 1685 1507 1735 iniquus

352 1743 563 1794 Laeserat,
596 1750 634 1781 et
665 1743 751 1781 falsi
783 1744 957 1781 criminis
989 1749 1071 1781 acta
1104 1755 1168 1781 rea
1202 1749 1283 1781 est.

295 1801 430 1840 Cultus
463 1807 501 1839 et
533 1802 678 1838 ornatis
711 1803 815 1839 varie
847 1801 1023 1851 prodisse
1056 1801 1203 1851 capillis

206 1868 272 1898 310
352 1859 515 1910 Obruit,
547 1859 593 1897 ad
626 1859 771 1909 rigidos
804 1866 1058 1909 promptaque
1091 1859 1220 1909 lingua
1251 1870 1388 1897 senes.

294 1917 457 1956 Conscia
488 1929 599 1955 mens
630 1919 729 1955 recti
761 1918 882 1955 famae
914 1917 1113 1955 mendacia
1145 1918 1255 1955 risit:

354 1976 429 2014 Sed
462 1988 532 2014 nos
563 1976 601 2013 in
633 1977 770 2014 vitium
803 1975 959 2014 credula
992 1975 1105 2014 turba
1139 1987 1296 2014 sumus.

293 2034 397 2073 Haec
428 2034 496 2072 uhi
528 2039 722 2072 castarum
754 2035 945 2084 processit
977 2033 1024 2072 ab
1056 2035 1207 2084 agmine
1238 2039 1430 2084 matrum,

352 2092 401 2130 Et
434 2092 611 2130 manibus
643 2104 781 2142 puram
813 2092 983 2130 fluminis
1016 2092 1144 2130 hausit
1175 2103 1335 2142 aquam,

207 2159 272 2190 315
294 2151 370 2189 Ter
403 2156 518 2200 caput
549 2152 726 2200 inrorat,
759 2156 819 2188 ter
850 2150 950 2188 tollit
980 2152 1019 2188 in
1051 2150 1206 2188 aethera
1238 2149 1408 2201 palmas,
1439 2172 1485 2176 —

355 2209 599 2259 Quicumque
632 2210 854 2260 aspiciunt,
886 2214 1015 2247 mente
1048 2220 1181 2246 carere
1213 2214 1351 2257 putant
1383 2230 1425 2234 —

296 2267 591 2318 summissoque
624 2279 725 2317 genu
758 2267 884 2305 voltus
916 2268 954 2305 in
987 2268 1153 2317 imagine
1189 2266 1297 2304 divae

352 2324 483 2377 Figit,
516 2332 555 2364 et
585 2325 656 2364 hos
689 2325 768 2364 edit
800 2327 908 2363 crine
940 2326 1089 2363 iacente
1122 2336 1259 2363 sonos:
