1570 2527
1254 104 1389 140 XXXV

53 217 158 268 quod
189 217 284 255 olim
314 215 460 254 conieci
484 216 666 254 immunis
688 216 906 263 provincia,
937 227 1016 253 non
1040 216 1173 263 potest
1199 214 1281 252 sine
1307 227 1387 252 am-

52 276 220 325 bagibus
247 273 522 324 etymologicis
542 273 655 319 effici,
681 274 728 310 ut
749 272 942 322 significet
961 285 1058 323 quas
1079 273 1240 311 Tacitus
1259 273 1388 311 tribus

52 335 149 373 locis
179 335 340 372 inermes
362 334 588 381 provincias
618 331 725 369 dixit.
799 332 1007 381 vulgatum
1039 333 1162 370 omnis
1184 333 1390 379 provincia

53 393 131 432 scio
169 405 193 430 a
228 392 313 430 viro
352 391 493 429 eximio
531 392 735 439 acceptum
767 390 814 427 de
845 391 1040 438 republica
1070 392 1113 428 in
1142 393 1296 429 senatus
1319 402 1389 438 100-

48 452 205 501 pulique
235 451 404 489 Romani
445 451 649 488 arbitrium
686 449 897 497 translata,
934 448 1038 498 quod
1069 449 1275 498 Augustus
1306 449 1391 497 ipse

52 511 94 549 in
130 511 383 547 monumento
420 508 630 558 Ancyrano
670 507 717 544 de
756 519 796 545 se
833 507 1044 556 professus.
1118 507 1166 545 de
1209 507 1391 545 vocabuli

48 569 251 618 provincia
281 566 523 616 proprietate
554 578 633 604 non
664 565 791 604 ausim
821 565 1012 604 iudicare:
1053 565 1237 604 Ovidium
1268 565 1389 603 credi-

54 627 178 665 derim
208 626 458 675 potissimum
496 625 543 662 de
581 637 734 662 summa
763 625 942 673 potentia
974 624 1099 662 denuo
1130 624 1300 662 feliciter
1331 635 1392 662 ac-

54 688 168 734 cepta
197 684 518 733 praedicaturum
548 683 681 721 fuisse.
756 683 859 732 apud
884 683 1052 720 Dionem
1084 685 1189 720 certe
1221 682 1268 719 de
1300 694 1390 732 pro-

53 743 270 782 vinciarum
308 742 499 780 divisione
536 744 619 779 tam
650 741 769 789 plana
800 753 844 778 ac
876 740 1024 779 diserta
1054 741 1201 779 mentio
1234 742 1311 789 est,
1348 742 1394 777 ut

54 802 136 840 leni
165 800 435 839 emendatione
467 800 517 837 ad
554 812 640 837 eam
675 798 804 836 redire
840 799 968 837 liceat.
1043 800 1128 838 oms
1166 801 1227 836 est
1258 801 1392 842 omnis,

56 862 138 900 οῇιζς
168 861 302 898 oneris.
375 860 491 897 vestri
522 858 659 906 scripsi
690 870 762 907 pro
795 870 852 904 eo,
885 857 988 906 quod
1021 859 1083 895 est
1113 860 1234 895 vestro
1265 858 1305 894 in
1331 870 1392 895 co-

56 919 206 958 dicibus
238 917 519 956 vetustissimis
550 916 769 954 Petaviano
802 919 842 954 et
872 915 1094 964 Ursiniano,
1128 928 1295 964 quorum
1326 915 1394 953 ille

57 978 253 1028 syllabam
277 988 324 1015 ue
348 976 542 1024 adi-asam,
568 976 670 1013 alter
694 975 894 1024 integram
920 987 943 1012 a
967 974 1096 1024 prima
1120 986 1250 1021 manu,
1277 986 1395 1022 super

57 1037 202 1085 scripto
234 1048 257 1073 a
289 1034 459 1073 secu-uda
489 1046 555 1083 no,
587 1033 771 1071 habebat.
845 1034 947 1071 orbis
985 1045 1082 1072 onus
1118 1033 1295 1082 proxime
1334 1034 1395 1070 est

55 1109 91 1134 v.
115 1096 210 1143 616,
242 1095 406 1132 civitatis
436 1105 531 1131 onus
562 1092 666 1140 apud
698 1092 853 1130 Livium
884 1091 925 1128 Π
952 1093 1019 1129 49.
1093 1092 1301 1140 genetivus
1335 1094 1396 1128 est

57 1153 186 1203 qualis
217 1153 322 1201 apud
341 1151 500 1189 Livium
518 1150 632 1188 XXII
653 1152 709 1188 40
736 1149 1049 1189 consulzcm‘anm·
1060 1151 1210 1197 prioris
1229 1150 1288 1187 M.
1309 1148 1394 1187 Ata·-

58 1214 162 1260 Zium,
195 1209 421 1249 Ciceronem
452 1209 500 1247 de
531 1221 640 1258 prov.
673 1221 775 1247 cons.
806 1211 828 1247 2
859 1207 883 1257 ξ
912 1211 937 1246 4
962 1210 1200 1257 provincias,
1232 1220 1397 1255 quarum

58 1271 292 1309 Macedonia
316 1289 373 1294 ——
400 1271 567 1307 vexatur.
633 1269 839 1315 provincia
870 1280 941 1316 pro
966 1268 1080 1316 parte
1106 1266 1397 1315 provinciarum

59 1327 283 1367 offensionis
313 1327 413 1364 nihil
444 1327 575 1365 habet.

177 1381 338 1424 LIB.II
356 1383 438 1423 103
453 1393 577 1422 METU
593 1393 776 1423 vimms.
837 1384 929 1422 libri
948 1387 1049 1422 metu
1066 1384 1249 1431 pavidus.

63 1442 145 1484 195
165 1451 434 1483 VEIENTIBUS
455 1451 606 1481 ARMIS.
678 1443 735 1480 ita
754 1442 847 1480 libri
858 1442 1020 1480 meliore
1040 1454 1118 1479 uno
1139 1443 1300 1490 excepto
1316 1453 1396 1479 om-

60 1516 140 1542 nes.
212 1514 371 1541 versum
410 1503 639 1551 sequentem
671 1501 846 1549 spurium
878 1501 1021 1549 habeo,
1060 1499 1164 1549 quod
1194 1499 1316 1537 cladis
1349 1501 1400 1537 ad

62 1561 287 1599 Cremeram
318 1562 500 1608 acceptae
526 1559 716 1597 memoria
746 1572 835 1597 cum
868 1558 1036 1596 Alliensi
1067 1558 1275 1596 coniuncta
1299 1557 1397 1596 adeo

61 1621 287 1658 constanter
318 1618 475 1667 prodita
507 1621 586 1666 est,
624 1621 670 1655 ut
701 1616 886 1656 Ovidium
917 1618 1048 1665 ipsum
1078 1617 1098 1653 I
1132 1619 1183 1655 59
1225 1616 1308 1654 eius
1340 1629 1399 1654 re-

61 1679 197 1728 spectu
235 1677 436 1725 scripsisse
469 1676 706 1714 credendum
737 1676 799 1714 sit.
874 1675 921 1713 de
954 1675 1061 1713 exitu
1092 1674 1307 1712 Fabiorum
1337 1675 1400 1712 hic

61 1738 127 1786 agi
153 1736 273 1774 etiam
303 1748 338 1773 v.
368 1736 450 1773 235
484 1734 655 1773 indicare
687 1734 860 1772 videtur:
893 1736 1033 1782 coepta
1064 1735 1199 1771 tamen
1224 1735 1285 1772 est
1310 1745 1399 1771 nar-

61 1795 162 1833 ratio
201 1795 250 1832 ab
289 1793 441 1831 actione
479 1793 675 1831 consulari
714 1793 755 1831 in
793 1796 950 1841 senatu,
995 1804 1113 1841 quam
1149 1792 1276 1841 pridie
1318 1792 1400 1830 eius

61 1854 140 1892 diei
169 1853 291 1891 fuisse
323 1852 545 1890 constabat:
577 1852 668 1889 inde
700 1864 723 1889 a
747 1865 782 1890 v.
807 1853 887 1890 197
917 1851 966 1888 ad
992 1863 1026 1889 a.
1047 1851 1081 1888 d.
1102 1849 1176 1888 XV
1202 1849 1264 1888 ΚΡ
1285 1851 1401 1890 Mart.

61 1912 254 1962 pergitur,
279 1911 342 1949 cui
366 1910 424 1948 rei
448 1923 527 1948 non
553 1910 686 1948 obstat
706 1923 741 1948 v.
763 1911 860 1959 245,
887 1922 975 1947 cum
996 1922 1096 1959 quae
1117 1908 1247 1946 sidera
1266 1908 1401 1946 Idibus

61 1971 200 2020 latent,
230 1982 309 2007 non
339 1971 557 2018 appareant
587 1972 700 2007 nocte
732 1968 921 2018 sequenti,
953 1968 1029 2005 nisi
1052 1968 1177 2005 altero
1198 1967 1261 2004 die
1279 1967 1400 2004 inter-

62 2029 174 2068 iecto.
249 2030 340 2066 ante
371 2041 407 2065 v.
442 2029 523 2066 197
557 2040 650 2066 vero
683 2027 952 2077 reponendum
983 2026 1152 2064 indicavi
1182 2026 1281 2064 198:
1314 2038 1404 2063 eum

63 2100 152 2126 cum
171 2087 357 2125 librarius
383 2087 581 2124 momento
603 2086 812 2135 omisisset,
845 2085 1048 2123 subiunxit
1066 2084 1256 2133 proximo,
1289 2084 1402 2122 binos

64 2146 316 2184 hexametros
348 2147 388 2183 et
420 2147 688 2193 pentametros
720 2143 936 2193 copulavit,
969 2155 1047 2192 qua
1078 2142 1227 2181 incuria
1260 2143 1404 2191 saepis-

64 2205 159 2242 sime
190 2205 232 2242 in
261 2204 392 2242 codice
418 2203 713 2253 Hamburgensi
738 2202 1003 2250 Ponticorum,
1036 2201 1180 2239 omisso
1205 2203 1405 2250 pentame-

62 2266 125 2301 tro
151 2262 170 2299 I
196 2271 230 2300 11
258 2264 323 2311 12,
351 2264 416 2309 36,
449 2270 532 2300 vm
558 2259 625 2310 20,
657 2262 697 2299 II
722 2270 788 2299 vn
814 2262 882 2307 42,
916 2260 997 2298 sine
1017 2272 1135 2298 causa
1154 2259 1173 2297 Ι
1193 2268 1227 2297 11
1254 2260 1307 2297 86
1335 2259 1405 2297 ali-

63 2321 250 2372 quamdiu
281 2320 521 2369 pentametri
551 2322 844 2369 promoventur,
875 2319 1096 2358 hexametri
1122 2317 1405 2366 subducuntur,

1079 2386 1123 2421 c*
