1570 2527
179 150 234 191 6ss

737 151 961 184 TRISTIUM

300 259 364 297 llla
396 259 479 298 dies
512 260 669 310 veniet,
709 270 793 297 mea
825 271 900 310 qua
932 258 1110 310 lugubria
1142 271 1305 313 ponam,

301 317 501 368 Causaque
535 318 684 368 privata
715 317 870 368 publiea
903 319 1024 356 maior
1057 319 1152 357 erit.

808 445 890 492 ΙΙΙ.

300 550 433 601 Magna
466 551 671 600 minorque
705 550 807 588 serae
826 581 836 601 ,
870 561 1036 600 quarum
1069 552 1172 601 regis
1206 550 1326 590 altera
1361 550 1509 602 Graias,

302 608 431 647 Altera
466 608 673 659 Sidonias,
709 613 871 658 utraque
905 609 1035 660 sicca,
1068 615 1196 660 rates,

301 666 439 705 Omnia
471 678 559 705 cum
592 678 742 704 summo
775 667 923 717 positae
955 666 1117 705 videatis
1148 667 1188 705 in
1220 679 1313 719 axe,

300 724 349 764 Et
383 726 497 763 maris
531 724 713 763 occiduas
745 736 821 762 non
856 723 1027 763 subeatis
1059 737 1201 777 aquas,

260 792 280 821 5
301 783 600 834 Aetheriamque
634 784 715 821 suis
747 784 907 833 cingens
940 782 1181 833 amplexibus
1213 794 1343 822 arcem

303 841 440 881 Vester
472 841 517 880 ab
550 843 693 880 intacta
725 841 897 879 circulus
930 846 1035 879 extet
1066 841 1209 893 humo,

303 901 471 951 Aspicite
498 899 584 949 illa,
610 911 773 950 precor,
802 911 899 949 quae
924 911 1000 937 non
1027 898 1126 937 bene
1153 900 1304 937 moenia
1326 898 1520 950 quondam

303 958 452 997 Dicitur
484 957 622 996 Iliades
655 957 897 996 transiluisse
931 956 1098 1009 Remus,

305 1017 424 1067 Inque
459 1027 583 1054 meam
616 1015 758 1054 nitidos
791 1015 985 1053 dominam
1018 1017 1233 1054 convertite
1266 1015 1420 1067 vultus,

241 1084 282 1113 10
305 1075 440 1125 Sitque
472 1086 621 1112 memor
653 1075 776 1112 nostri
810 1085 961 1125 necne,
994 1074 1138 1112 referte
1169 1073 1285 1112 mihi.

303 1133 348 1171 Ei
381 1133 473 1171 mihi
492 1164 502 1183 ,
536 1144 605 1170 cur
640 1133 755 1170 timeo
775 1129 796 1170 ⁴?
829 1143 926 1182 quae
954 1137 1045 1171 sunt
1076 1132 1304 1183 manifesta,
1337 1130 1521 1183 requiro!

305 1191 382 1230 Cur
414 1193 513 1230 iacet
546 1190 724 1241 ambiguo
758 1202 847 1241 spes
881 1202 964 1228 mea
997 1191 1115 1229 mixta
1147 1187 1288 1229 metu?

305 1249 457 1300 Crede,
491 1249 592 1299 quod
627 1254 685 1287 est
717 1253 756 1287 et
787 1250 872 1299 vis,
905 1260 948 1286 ac
981 1248 1115 1287 desine
1148 1253 1230 1287 tuta
1263 1249 1415 1301 vereri,

305 1307 436 1358 Deque
469 1307 543 1345 fide
576 1313 680 1345 certa
715 1308 764 1344 sit
796 1306 864 1344 tibi
899 1313 1004 1344 certa
1037 1307 1158 1345 fides.

242 1373 283 1403 15
306 1365 495 1416 Quodque
529 1364 616 1415 polo
650 1365 745 1403 fixae
778 1370 979 1415 nequeunt
1012 1363 1081 1403 tibi
1114 1365 1243 1403 dicere
1276 1364 1476 1416 flammae,

305 1424 389 1462 Non
422 1424 633 1462 mentitura
666 1428 708 1461 tu
741 1421 812 1461 tibi
843 1435 936 1461 voce
969 1422 1095 1461 refer:

304 1482 400 1520 Esse
434 1483 490 1520 tui
521 1493 732 1519 memorem
751 1511 762 1532 ,
801 1480 847 1519 de
881 1493 956 1531 qua
986 1480 1057 1519 tibi
1090 1481 1253 1519 maxima
1285 1492 1379 1519 cura
1411 1485 1495 1532 est,

306 1539 496 1590 Quodque
528 1544 685 1590 potest,
719 1550 851 1577 secum
884 1551 1025 1577 nomen
1058 1538 1203 1577 habere
1235 1543 1369 1578 tuum.

305 1598 482 1637 Vultibus
515 1597 575 1636 illa
609 1599 687 1636 tuis
720 1603 915 1648 tamquam
946 1599 1164 1648 praesentis
1195 1596 1396 1649 inhaeret,

241 1664 284 1694 20
306 1656 438 1706 Teque
471 1661 618 1695 remota
652 1655 816 1707 procul,
850 1657 893 1694 si«
914 1655 1027 1694 modo
1060 1656 1181 1707 vivit,
1209 1660 1332 1694 amat.

305 1713 454 1765 Ecquid
474 1745 485 1766 ,
517 1713 584 1752 ubi
616 1713 795 1752 incubuit
825 1715 928 1752 iusto
962 1725 1071 1752 mens
1104 1725 1217 1763 aegra
1249 1713 1396 1764 dolori,

306 1772 422 1810 Lenis
455 1771 501 1809 ab
534 1771 729 1809 admonito
762 1776 921 1821 pectore
955 1783 1114 1810 somnus
1147 1768 1259 1810 abit‘?

306 1830 391 1869 Non
424 1829 595 1868 subeunt
627 1841 742 1867 curae
764 1860 774 1880 ,
807 1828 898 1867 dum
931 1834 968 1867 te
1001 1829 1203 1880 lectusque
1236 1828 1423 1880 locusque

306 1889 445 1939 Tangit
477 1893 515 1926 et
546 1887 703 1926 oblitam
736 1898 811 1925 non
846 1888 938 1925 sinit
969 1899 1055 1926 esse
1086 1885 1197 1926 mei?

242 1954 285 1985 25
306 1946 355 1985 Et
386 1947 548 1985 veniunt
579 1951 738 1997 aestus,
771 1951 810 1984 et
840 1957 915 1983 nox
948 1947 1122 1984 inmensa
1155 1945 1333 1998 videtur,

307 2005 502 2056 Fessaque
534 2005 664 2043 iactati
697 2005 873 2055 corporis
905 2015 991 2042 ossa
1025 2002 1190 2043 dolent?

307 2063 391 2101 Non
426 2062 605 2114 equidem
639 2061 801 2114 dubito,
835 2063 929 2113 quin
960 2061 1054 2101 haec
1088 2068 1127 2101 et
1159 2067 1288 2101 cetera
1320 2062 1437 2113 fiant,

308 2121 457 2172 Detque
489 2126 580 2160 tuus
613 2121 750 2159 maesti
782 2121 890 2171 signa
922 2119 1065 2159 dolor1s
1099 2132 1228 2172 amor,

307 2179 386 2218 Nec
419 2181 595 2218 cruciere
627 2180 785 2230 minus,
827 2190 941 2229 quam
982 2190 1069 2217 cum
1103 2177 1285 2217 Thebana
1317 2182 1523 2216 cruentum

243 2246 287 2276 30
308 2237 474 2276 Hectora
507 2237 730 2276 Thessalico
762 2236 857 2275 vidit
888 2235 934 2275 ab
967 2248 1035 2275 axe
1068 2238 1174 2287 rapi.

309 2295 408 2341 Quid
430 2301 558 2334 tamen
584 2297 668 2346 ipse
691 2307 855 2347 precer,
881 2294 1039 2334 dubit0.
1089 2307 1161 2333 nec
1188 2295 1317 2334 dicere
1344 2305 1524 2346 possum,

307 2354 497 2393 Affectum
531 2366 645 2404 quem
678 2360 716 2393 te
750 2354 890 2392 mentis
921 2352 1064 2392 habere
1098 2353 1233 2392 velim.
