1570 2527
185 87 243 128 50
739 85 964 118 TRISTIUM

306 195 465 247 Singula
498 195 592 246 quid
625 194 790 233 referam
812 191 832 232 ἵ)
883 192 936 231 nil
968 204 1046 231 non
1078 191 1241 231 mortale
1272 196 1454 231 tenemus

306 255 483 293 Pectoris
516 253 691 304 exceptis
723 253 948 303 ingeniique
980 251 1105 290 honis.

240 322 285 352 45
306 313 365 351 En
398 325 467 363 ego
490 343 500 363 ‚
534 324 622 350 cum
656 323 808 350 caream
839 311 963 361 patria
994 309 1182 360 vobisque
1214 308 1432 360 domoque,

307 372 508 421 Raptaque
542 371 649 418 sint,
682 369 799 407 adimi
832 381 929 420 quae
962 373 1127 419 potuere
1159 367 1277 419 mihi,

308 429 468 479 Ingenio
503 434 631 467 tamen
663 429 746 478 ipse
778 439 865 466 meo
898 428 1140 477 comitorque
1174 426 1387 476 fruorque:

309 487 450 526 Caesar
482 488 522 525 in
553 486 628 525 hoe
660 487 787 537 potuit
812 487 910 523 iuris
942 484 1085 522 habere
1118 483 1236 522 nihil.

309 544 481 591 Quilibet
511 544 611 583 hanc
644 556 757 582 saevo
791 545 908 581 vitam
938 542 1034 580 mihi
1065 542 1174 580 finiat
1205 553 1323 594 ense3

246 612 289 643 50
309 604 369 642 Me
401 609 532 642 tamen
565 604 736 641 extincto
770 602 869 640 fama
902 605 1104 651 superstes
1136 601 1234 652 erit,

309 662 488 712 Dumque
522 662 603 700 suis
636 662 775 699 victrix
808 671 962 698 omnem
995 658 1043 697 de
1076 657 1274 697 montibus
1305 657 1442 696 orbem

309 719 527 771 Prospiciet
559 719 748 758 domitum
780 718 917 757 Martia
948 717 1069 755 Roma
1089 749 1099 769 ,
1130 716 1260 767 legar.

310 778 369 817 Tu
403 790 588 829 quoque,
621 789 736 828 quam
769 776 888 815 studii
920 780 1074 814 maneat
1105 774 1255 814 felicior
1286 787 1408 827 usus,

310 836 446 888 Effuge
480 841 695 887 venturos,
729 847 804 887 qua
835 840 947 887 potes
966 865 977 886 ,
1008 846 1134 885 usque
1167 832 1306 884 rogos!

796 962 924 1009 VIII.

310 1070 421 1109 Nunc
454 1082 524 1121 ego
557 1068 787 1120 Triptolemi
819 1080 1005 1119 cuperem
1037 1068 1252 1106 consistere
1285 1078 1430 1119 curru,

312 1129 415 1167 Misit
447 1129 486 1167 in
519 1129 691 1178 ignotam
724 1129 789 1177 qui
822 1127 919 1165 rude
953 1138 1086 1165 semen
1118 1125 1302 1177 humum;

312 1187 423 1225 Nunc
458 1198 528 1236 ego
561 1185 719 1224 Medeae
752 1185 889 1224 vellem
922 1185 1076 1223 frenare
1109 1184 1321 1235 dracones,

314 1246 421 1290 Quos
448 1244 584 1283 habuit
616 1245 769 1294 fugiens
802 1256 920 1295 arce,
953 1242 1169 1294 Corinthe‚
1201 1247 1289 1291 tua3

273 1312 291 1342 5
313 1303 424 1342 Nunc
457 1314 529 1353 ego
561 1302 758 1341 iactandas
791 1307 967 1352 optarem
1000 1313 1156 1340 sumere
1188 1312 1361 1352 pennas,

314 1362 403 1400 Sive
438 1367 523 1400 tuas
543 1392 554 1412 ,
585 1360 763 1412 Persen,
796 1360 958 1399 Daedale
979 1390 989 1410 ‚
1022 1361 1102 1398 sive
1134 1364 1245 1398 tuas:

314 1420 363 1459 Ut
393 1425 528 1459 tenera
561 1420 706 1457 nostris
742 1418 906 1458 cedente
938 1417 1128 1456 volatibus
1160 1429 1254 1456 aura

314 1480 540 1529 Aspicerem
573 1479 719 1528 patriae
752 1476 864 1516 dulce
897 1481 1058 1528 repente
1092 1475 1242 1527 solum,

314 1537 578 1587 Desertaeque
614 1536 752 1574 domus
785 1535 944 1587 vultus,
976 1545 1248 1585 memoresque
1282 1531 1458 1583 sodales7

253 1605 294 1635 10
316 1596 489 1646 Caraque
523 1596 731 1645 praecipue
765 1595 942 1644 coniugis
975 1605 1041 1632 ora
1073 1604 1204 1631 meae.

318 1653 443 1692 Stulte
463 1684 473 1704 ‚
506 1653 598 1703 quid
632 1653 726 1691 haec
758 1653 904 1690 frustra
937 1653 1033 1690 votis
1066 1650 1284 1701 puerilibus
1316 1654 1450 1701 optaS,

317 1712 424 1757 Quae
458 1723 535 1749 non
567 1710 644 1749 ulla
677 1710 747 1749 tibi
779 1711 933 1761 fertque
966 1710 1144 1759 feretque
1176 1705 1295 1747 dies‘?

318 1770 359 1809 Si
391 1768 512 1808 semel
544 1768 757 1819 optandum
790 1774 876 1819 est,
909 1768 1074 1818 Augusti
1106 1779 1251 1806 numen
1283 1766 1423 1816 adora,

317 1828 395 1880 Et,
429 1839 545 1878 quem
578 1828 764 1878 sensisti,
796 1828 871 1865 rite
902 1838 1065 1877 precare
1098 1825 1236 1865 deum.

256 1896 297 1926 15
319 1886 386 1925 llle
419 1886 490 1925 tibi
520 1897 746 1937 pennasque
779 1890 909 1936 potest
941 1896 1161 1935 currusque
1194 1883 1373 1922 volucres

318 1945 521 1983 Tradere.
572 1943 638 1982 det
668 1943 838 1982 reditum
857 1975 867 1993 ‚
899 1944 1078 1994 protinus
1111 1942 1190 1981 ales
1223 1943 1327 1981 eriS.

320 2003 361 2042 Si
380 2014 520 2055 precer
541 2001 615 2041 hoc
633 2023 687 2029 —
702 2014 830 2053 neque
858 2003 960 2040 enim
980 2013 1141 2052 possum
1162 2002 1308 2039 maiora
1332 2010 1470 2051 rogare
1485 2019 1536 2025 —-

319 2061 375 2100 Ne
409 2073 493 2100 mea
525 2062 602 2100 sint
621 2091 632 2113 ,
663 2062 811 2112 timeo,
843 2065 930 2098 vota
962 2059 1137 2098 modesta
1168 2070 1329 2110 parum.

320 2120 500 2159 Forsitan
532 2119 606 2158 hoc
639 2118 728 2158 olim
748 2149 759 2170 ‚
791 2130 880 2157 cum
912 2120 987 2156 iam
1020 2119 1218 2156 satiaverit
1248 2118 1369 2168 iram,

256 2186 300 2217 20
322 2178 432 2217 Tunc
467 2190 622 2229 quoque
655 2177 819 2216 sollicita
850 2183 979 2215 mente
999 2207 1010 2228 ,
1042 2175 1238 2227 rogandus
1270 2175 1367 2213 erit.

321 2236 432 2281 Quod
466 2237 595 2274 minus
615 2267 625 2287 ,
657 2238 808 2274 interea
840 2240 899 2274 est
929 2236 1052 2273 instar
1079 2234 1173 2272 mihi
1199 2233 1372 2273 muneris
1399 2230 1539 2283 ampli:

320 2294 378 2333 Ex
410 2294 470 2333 his
502 2306 563 2333 me
596 2294 728 2333 iubeat
761 2293 934 2344 quolibet
964 2294 1023 2332 ire
1056 2292 1173 2332 locis.
