1570 2527
103 122 188 163 226
640 119 892 153 FASTORUM

648 261 710 301 10.
743 259 778 301 Β
810 259 895 301 EN

223 347 382 385 Postera
414 346 479 384 lux
511 344 679 383 hiemem
711 343 838 382 medio
871 344 1095 382 discrimine
1127 344 1275 395 signat,

133 413 201 444 460
280 405 490 455 Aequaque
523 403 755 454 praeteritae
789 414 886 452 quae
920 401 1147 454 superabit,
1179 402 1275 440 erit,

446 495 511 536 11.
543 492 576 535 G
610 491 834 535 ΘΑΕ-Ν)
900 493 963 533 12.
995 490 1076 533 Do

221 578 402 617 Proxima
433 578 647 629 prospiciet
677 576 845 615 Tithono
878 576 1027 614 Aurora
1058 574 1195 614 relicto

281 636 466 674 Arcadiae
501 647 654 674 sacrum
686 634 906 686 pontificale
940 635 1054 672 deae.

222 694 277 733 Te
311 706 466 745 quoque
499 693 565 732 lux
598 693 760 744 eadem,
793 692 916 730 Turni
948 704 1058 730 soror
1078 724 1087 742 ,
1120 690 1214 730 aede
1246 692 1418 742 recepit,

281 752 353 791 Hic
386 753 453 791 ubi
486 751 665 801 Virginea
697 751 863 801 Campus
896 750 1026 788 obitur
1059 762 1179 800 aqua.

136 820 202 849 465
224 811 332 849 Unde
365 817 493 861 petam
526 821 661 848 causas
693 809 832 847 horum
865 820 1092 858 moremque
1125 820 1347 859 sacrorum,

283 869 431 919 Diriget
461 870 501 907 in
533 868 661 906 medio
694 869 780 918 quis
814 878 897 905 mea
930 866 1012 905 vela
1044 863 1177 904 freto?

223 927 309 978 Ipsa
341 939 483 978 mone,
517 938 614 977 qnae
647 937 787 964 nomen
819 924 938 963 habes
971 936 992 962 a
1024 925 1193 962 carmine
1226 924 1412 974 ductum,

284 985 566 1036 Propositoque
599 984 711 1034 fave,
743 995 790 1022 ne
823 989 915 1021 tuus
948 988 1054 1021 erret
1084 982 1230 1021 honor.

226 1043 318 1082 Orta
352 1045 459 1093 prior
491 1042 580 1081 luna
609 1064 650 1068 —
678 1042 724 1080 de
758 1054 799 1080 se
832 1043 863 1079 si
897 1041 1068 1079 creditur
1100 1042 1174 1090 ipsi
1200 1061 1242 1066 -—

138 1111 205 1140 470
284 1102 314 1139 A
348 1114 483 1151 magno
516 1100 631 1138 tellus
664 1099 810 1138 Arcade
843 1111 985 1137 nomen
1016 1098 1154 1136 babet.

225 1159 296 1198 Hic
328 1160 401 1197 fuit
432 1158 639 1209 Evander,
671 1159 739 1208 qui
770 1168 1003 1208 quamquam
1035 1156 1161 1195 clarus
1193 1162 1384 1208 utroque⁷

284 1217 458 1255 Nobilior
491 1229 622 1255 sacrae
656 1217 841 1266 sanguine
875 1216 1009 1253 matris
1042 1220 1146 1253 erat.

227 1276 332 1321 Quae
365 1275 480 1313 simul
511 1274 706 1313 aetherios
738 1276 864 1311 animo
897 1278 1130 1324 conceperat
1159 1274 1292 1324 ignes,

286 1334 362 1372 Ore
395 1333 509 1371 dabat
539 1332 654 1383 pleno
687 1333 857 1370 carmina
889 1343 978 1369 vera
1011 1331 1095 1369 dei.
1276 1345 1279 1347 >

139 1400 205 1431 475
226 1392 384 1430 Dixerat
415 1391 510 1429 haec
542 1397 630 1429 nato
665 1396 792 1428 motus
822 1391 969 1428 instare
1002 1388 1176 1440 sibique,

285 1449 481 1500 Multaque
514 1455 744 1500 praeterea;
777 1454 950 1499 tempore
983 1453 1093 1485 nacta
1125 1448 1262 1485 fidem.

227 1508 323 1547 Nam
356 1509 508 1546 iuvenis
539 1509 701 1545 nimium
734 1519 823 1545 vera
856 1517 943 1544 cum
975 1511 1098 1544 matre
1131 1506 1284 1556 fugatus

288 1566 441 1605 Deserit
472 1565 673 1603 Arcadiam
705 1565 1031 1614 Parrhasiumque
1063 1565 1205 1603 larem.

230 1625 301 1663 Cui
332 1625 508 1674 genetrix
539 1624 647 1662 flenti
680 1620 855 1661 ‘fortuna
888 1622 1071 1660 viriliter'
1106 1623 1233 1672 inquit
1259 1643 1301 1648 —

141 1691 209 1722 480
290 1679 412 1720 eSiste
432 1713 442 1733 ‚
475 1694 615 1732 precor
633 1712 644 1733 ‚
676 1680 882 1719 lacrimas!
910 1703 951 1707 —
978 1682 1050 1718 ista
1077 1680 1234 1718 ferenda
1262 1679 1332 1718 tibi
1358 1683 1439 1717 est.

230 1741 294 1778 Sic
328 1748 409 1778 erat
441 1742 480 1778 in
512 1741 630 1778 satis:
675 1751 747 1777 nec
777 1746 815 1777 te
848 1745 913 1777 tua
945 1739 1055 1789 culpa
1088 1738 1256 1790 fugavit,

289 1798 364 1836 Sed
397 1798 523 1836 deus:
567 1798 713 1835 offenso
745 1796 881 1847 pulsus
914 1808 955 1834 es
987 1796 1084 1834 urbe
1117 1796 1212 1834 deo.

231 1857 315 1895 Non
348 1858 477 1894 meriti
508 1868 671 1906 poenam
702 1856 846 1906 pateris
865 1886 875 1905 ,
907 1853 975 1892 sed
1007 1854 1178 1891 numinis
1208 1854 1328 1892 iram.

289 1914 358 1952 Est
390 1914 532 1964 aliquid
565 1914 713 1963 magnis
745 1914 892 1951 crimen
925 1911 1061 1950 abesse
1093 1910 1224 1949 malis.

143 1981 210 2012 485
232 1973 393 2012 Conscia
426 1983 535 2010 mens
566 1977 611 2010 ut
646 1973 786 2021 cuique
819 1982 886 2008 sua
920 1976 1007 2021 est,
1044 1971 1097 2008 ita
1135 1970 1303 2020 concipit
1339 1969 1440 2007 intra

289 2031 453 2069 Pectora
485 2042 555 2081 pro
589 2030 688 2068 facto
722 2041 908 2080 spemque
940 2033 1166 2078 metumque
1199 2039 1294 2066 suo.

232 2089 311 2127 Nec
345 2096 472 2127 tamen
505 2094 548 2127 ut
579 2090 728 2139 primus
762 2099 889 2125 maere
922 2086 1018 2124 maia
1050 2085 1138 2124 talia
1170 2097 1330 2136 passus:

291 2147 431 2186 Obruit
462 2149 639 2197 ingentes
671 2148 743 2184 ista
774 2145 942 2196 procella
975 2146 1104 2182 viros.

232 2206 373 2244 Passus
404 2205 506 2243 idem
539 2210 626 2256 est,
653 2204 779 2255 Tyriis
807 2205 872 2254 qui
898 2202 1092 2253 quondam
1123 2200 1259 2252 pulsus
1292 2200 1337 2239 ab
1364 2202 1441 2238 oris

146 2274 212 2303 490
292 2264 458 2302 Cadmus
489 2265 529 2301 in
561 2264 679 2301 Aonia
713 2262 887 2300 constitit
920 2260 1008 2298 exul
1039 2260 1181 2298 humo:

233 2322 374 2360 Passus
408 2323 509 2360 idem
542 2321 695 2372 Tydeus
728 2326 767 2358 et
798 2319 899 2358 idem
931 2318 1124 2369 Pagaseus
1155 2317 1288 2368 Iason,
