1570 2527
566 116 626 149 IV.
653 123 748 149 xnn
769 116 935 150 54—xw
956 116 1011 149 16.
1374 112 1458 153 211

298 226 359 266 Sis
391 229 667 276 argumentum
698 225 854 276 maius,
886 235 934 262 an
967 223 1177 263 auxilium.

236 284 317 324 Nec
349 283 532 323 dubitans
564 295 662 322 oro:
707 283 775 321 sed
808 283 968 321 flumine
1001 295 1115 334 saepe
1148 281 1320 321 secundo

297 344 472 394 Augetur
503 343 622 381 remis
655 353 797 381 cursus
829 342 958 380 euntis
991 353 1136 393 aquae.

237 401 288 441 Et
318 402 441 453 pudet
472 406 511 440 et
541 405 674 440 metuo
707 412 941 452 semperque
974 400 1188 452 eademque
1219 400 1396 452 precari,

174 470 220 502 30
298 460 355 500 Ne
389 459 556 499 subeant
587 461 715 498 animo
749 459 874 498 taedia
905 460 1009 498 iusta
1041 465 1130 498 tuo.

238 519 384 559 Verum
417 518 510 570 quid
543 518 680 557 faciam
699 516 721 557 ‘?
763 530 828 557 res
860 518 1103 557 inmoderata
1134 517 1275 569 cupido
1308 520 1391 555 est.

299 578 354 617 Da
386 579 538 617 veniam
569 578 662 616 vitio
682 608 693 629 ‚
724 578 831 616 mitis
862 578 984 615 amice
1003 607 1014 628 ,
1046 588 1157 616 meo.

241 636 424 677 Scribere
457 648 571 688 saepe
604 635 708 675 aliud
741 637 904 687 cupiens
936 635 1096 674 delabor
1128 634 1289 674 eodem:

300 695 405 747 [Ipsa
436 695 565 734 locum
597 707 668 746 per
700 707 742 733 se
773 694 903 733 littera
934 700 1069 733 nostra
1100 699 1212 746 rogat
1229 692 1257 743 .]

176 763 221 795 35
242 755 321 794 Seu
354 760 484 793 tamen
517 754 681 792 effectus
712 752 894 792 habitura
927 759 987 792 est
1018 754 1142 804 gratia
1160 784 1171 804 ,
1200 764 1271 791 seu
1301 763 1364 790 me
1390 759 1465 792 (144)

300 813 404 852 Dura
436 812 545 852 iubet
576 811 703 863 gelido
736 812 858 851 Parca
890 811 964 851 sub
997 824 1067 850 axe
1098 813 1223 850 mori:

243 871 408 923 Semper
439 870 600 910 inoblita
631 875 808 921 repetam
839 875 907 909 tua
938 882 1102 909 munera
1134 875 1289 923 mente,

300 930 350 969 Et
381 941 466 968 mea
498 941 560 968 me
593 928 709 968 tellus
742 928 874 968 audiet
905 940 992 968 esse
1024 935 1161 968 tuum.

240 989 384 1029 Audiet
415 993 455 1028 et
487 988 592 1027 caelo
624 989 750 1040 posita
782 992 843 1027 est
874 1000 1146 1039 quaecumque
1179 987 1252 1026 sub
1285 986 1390 1039 ullo,

176 1056 222 1089 40
300 1047 460 1087 Transit
490 1053 624 1086 nostra
656 1047 762 1086 feros
795 1048 829 1086 si
859 1047 975 1085 modo
1008 1046 1119 1085 Musa
1151 1045 1293 1099 Getas,

242 1106 378 1157 Teque
410 1117 518 1145 meae
551 1118 709 1145 causam
741 1111 1061 1157 servatoremque
1094 1104 1259 1158 salutis,

302 1165 442 1216 Meque
475 1170 588 1204 tuum
619 1164 717 1204 libra
750 1166 855 1204 norit
887 1170 926 1204 et
958 1176 1048 1204 aere
1080 1165 1234 1204 minus.

735 1293 859 1340 XVI.

243 1400 377 1441 Invide
396 1432 407 1453 ,
439 1400 533 1451 quid
565 1399 717 1439 laceras
748 1399 914 1439 Nasonis
947 1400 1118 1439 carmina
1152 1396 1290 1450 rapti?

302 1459 390 1499 Non
423 1459 522 1499 solet
553 1460 721 1510 ingeniis
753 1470 905 1498 summa
936 1470 1080 1497 nocere
1113 1458 1219 1510 dies,

245 1518 443 1569 Famaque
474 1523 565 1573 post
596 1519 751 1556 cineres
781 1518 906 1556 maior
938 1518 1072 1556 venit.
1130 1522 1170 1556 et
1200 1516 1297 1556 mihi
1327 1528 1472 1556 nomen

304 1577 417 1616 Tunc
450 1589 606 1628 quoque
625 1607 637 1628 ,
669 1588 758 1616 cum
792 1577 888 1615 vivis
921 1576 1203 1615 adnumerarer
1220 1606 1232 1628 ,
1264 1581 1371 1615 erat:

206 1644 226 1676 5
247 1635 346 1676 Cum
377 1636 480 1675 foret
511 1641 550 1674 et
581 1635 734 1675 Marsus
767 1636 976 1686 magnique
1008 1634 1192 1674 Rabirius
1223 1636 1304 1673 oris

306 1695 527 1746 Iliacusque
558 1694 690 1733 Macer
721 1693 982 1745 sidereusque
1014 1692 1143 1732 Pedo:

246 1753 325 1806 Et,
358 1755 427 1805 qui
457 1753 649 1793 Iunonem
683 1753 863 1792 laesisset
892 1754 933 1792 in
966 1751 1134 1791 Hercule
1153 1784 1164 1805 ‚
1196 1750 1343 1804 Carus,

305 1813 465 1852 Iunonis
498 1813 532 1852 si
564 1814 642 1851 iam
673 1824 752 1851 non
784 1823 905 1863 gener
936 1811 1001 1850 ille
1033 1812 1162 1851 foret:

246 1871 402 1924 Quique
437 1870 545 1911 dedit
576 1870 687 1910 Latio
720 1882 878 1910 carmen
910 1870 1041 1922 regale
1074 1869 1268 1922 Severus,

184 1940 227 1972 10
305 1930 356 1969 Et
387 1942 478 1970 cum
510 1929 647 1969 subtili
678 1929 840 1969 Priscus
872 1935 1039 1980 uterque
1072 1928 1222 1968 Numa:

248 1988 403 2040 Quique
439 1988 498 2027 vel
527 1988 744 2041 imparibus
776 1990 952 2028 numeris
970 2019 981 2041 ,
1006 1987 1189 2026 Montane
1207 2018 1217 2038 ‚
1248 1986 1310 2025 vel
1342 1988 1477 2039 aequis

309 2047 466 2087 Sufficis
485 2078 496 2100 ‚
529 2053 568 2087 et
599 2049 754 2100 gemino
788 2048 960 2086 carmine
992 2058 1137 2085 nomen
1168 2044 1313 2085 habes:

247 2105 298 2147 Et
330 2108 397 2158 qui
429 2105 646 2158 Penelopae
678 2105 900 2146 rescribere
931 2106 1048 2144 iussit
1077 2103 1218 2143 Ulixen

307 2166 517 2205 Errantem
549 2177 663 2205 saevo
694 2177 768 2216 per
799 2164 876 2204 duo
908 2164 1032 2203 lustra
1064 2164 1187 2216 mari,

187 2232 228 2265 15
250 2224 405 2277 Quique
444 2236 553 2264 suam
590 2223 812 2263 Trisemem
853 2223 1209 2275 imperfectumque

982 2280 1137 2320 dierum
1328 2303 1376 2311 -
1406 2287 1478 2322 (145)

311 2341 494 2382 Deseruit
524 2341 644 2382 celeri
676 2347 803 2381 morte
836 2339 1006 2380 Sabinus
1038 2352 1162 2392 opus:

1199 2404 1270 2441 14*
