1570 2527
546 104 573 134 I.
600 111 644 135 XI
664 103 802 136 36—11.
825 105 879 136 62.
1283 99 1287 103 ’
1331 103 1386 144 23

161 211 300 264 Fecit,
333 222 430 262 quos
463 215 568 249 aetas
600 212 738 261 aspicit
768 222 845 249 una
878 210 1009 249 semel.

161 270 231 309 His
263 281 404 321 precor
436 267 624 319 exemplis
656 274 723 307 tua
754 281 858 307 nunc
878 300 888 320 ,
921 270 1125 308 mitissime
1161 268 1326 322 Caesar,

161 328 246 367 Fiat
277 327 323 366 ab
355 329 512 378 ingenio
545 326 697 365 mollior
729 328 786 365 ira
818 340 917 366 meo.

162 386 229 425 Illa
261 386 418 437 quidem
449 387 550 425 iusta
584 390 672 437 est,
705 397 777 424 nec
810 398 871 424 me
904 388 1097 425 meruisse
1129 386 1302 439 negabo3
1332 409 1385 414 ——

98 453 143 484 30
165 444 250 483 Non
283 444 378 483 adeo
412 449 546 482 nostro
580 444 678 494 fugit
710 443 757 482 ab
790 456 857 483 ore
891 445 1018 495 pudor
1049 466 1096 471 —

166 503 242 542 Sed
274 504 350 541 nisi
381 514 636 554 peccassem,
669 503 762 553 quid
795 508 837 541 tu
871 503 1087 542 concedere
1120 501 1292 554 posses?

161 561 362 600 Materiam
394 563 527 599 veniae
560 572 646 599 sors
679 561 750 599 tibi
782 567 915 600 nostra
948 561 1077 600 dedit.

165 619 235 672 Si,
269 621 450 670 quotiens
482 625 647 670 peccaut
678 619 884 671 homines,
918 632 986 659 sua
1019 620 1179 658 fulmina
1212 622 1339 660 mittat

162 677 366 729 Iuppiter,
399 679 538 727 exiguo
572 684 748 728 tempore
780 680 941 717 inermis
975 680 1073 730 erit3

96 745 140 775 35
163 736 274 774 Nunc
292 767 304 787 ‚
336 735 404 774 uhi
437 736 615 774 detonuit
647 738 893 787 strepituque
927 738 1119 775 exterruit
1151 737 1308 790 orbem,

162 795 311 833 Purum
343 794 532 833 discussis
565 797 654 832 aera
685 794 814 833 reddit
846 797 979 845 aquis.

161 853 251 891 Iure
284 854 404 903 igitur
436 854 667 903 genitorque
700 853 816 891 deum
848 860 1059 904 rectorque
1092 859 1277 906 vocatur,

163 911 253 950 Iure
286 923 405 962 capax
438 911 608 950 mundus
640 911 695 949 nil
727 910 814 950 Iove
848 913 973 950 maius
1006 911 1145 950 habet.

162 970 221 1008 Tu
254 982 434 1022 quoque,
467 982 555 1009 cum
588 972 736 1021 patriae
769 976 899 1009 rector
932 970 1062 1009 dicare
1095 976 1309 1022 paterque,

98 1037 142 1067 40
165 1028 281 1067 Utere
314 1041 423 1067 more
456 1028 519 1067 dei
552 1041 693 1067 nomen
726 1028 906 1068 habentis
938 1029 1052 1069 idem.

164 1087 284 1138 quue
316 1088 440 1138 faciS‚
473 1099 545 1126 nec
577 1094 615 1126 te
649 1089 855 1139 quisquam
888 1087 1128 1126 moderatius
1162 1099 1346 1138 umquam

162 1145 320 1196 Imperii
352 1148 480 1196 potuit
512 1146 623 1184 frena
655 1152 790 1185 tenere
824 1147 895 1185 sui.

163 1204 223 1242 Tu
255 1205 405 1242 veniam
438 1205 541 1254 parti
573 1210 779 1254 superatae
813 1217 927 1254 saepe
962 1204 1127 1256 dedisti,

161 1262 247 1300 Non
280 1274 542 1300 concessurus
574 1274 691 1312 quam
723 1262 795 1300 tibi
826 1264 950 1301 victor
983 1268 1077 1302 erat.

97 1329 141 1360 45
163 1320 314 1359 Divitiis
347 1322 462 1359 etiam
496 1320 638 1359 multos
671 1326 710 1359 et
741 1320 958 1359 honoribus
991 1327 1128 1360 auctos

163 1379 278 1431 Vidi,
311 1381 379 1429 qui
410 1378 582 1418 tulerant
613 1381 652 1418 in
686 1385 802 1430 caput
834 1391 939 1418 arma
972 1386 1106 1418 tuum.

164 1438 350 1487 Quaeque
384 1437 467 1475 dies
499 1437 674 1488 bellum,
713 1437 805 1475 belli
837 1437 907 1476 tibi
939 1438 1099 1476 sustulit
1130 1439 1251 1490 iram,

163 1496 340 1546 Parsque
372 1495 486 1534 simul
519 1495 675 1546 templis
709 1501 876 1546 utraque
909 1496 1010 1535 dona
1042 1496 1151 1535 tulit.

167 1553 294 1605 thue
328 1559 419 1593 tuus
452 1554 594 1604 gaudet
625 1553 736 1592 miles
755 1586 766 1606 ‚
799 1554 903 1605 quod
937 1556 1075 1593 vicerit
1106 1555 1282 1607 hostem,

100 1621 144 1652 50
167 1612 231 1651 Sic
263 1614 409 1651 victum
442 1625 513 1651 cur
545 1624 587 1651 se
620 1612 815 1664 gaudeat,
847 1613 972 1651 hostis
1005 1612 1145 1652 habet.

165 1671 288 1709 Causa
320 1683 404 1709 mea
438 1677 498 1709 est
530 1670 696 1723 melior,
729 1673 795 1722 qui
828 1683 900 1710 nec
934 1673 1128 1710 contraria
1161 1672 1270 1711 dicor

165 1731 310 1781 Arma,
343 1741 416 1768 nec
447 1729 610 1768 hostiles
645 1741 730 1768 esse
764 1736 925 1769 secutus
958 1742 1074 1781 opes.

164 1787 239 1826 Per
271 1800 378 1826 mare
397 1819 407 1839 ‚
439 1801 510 1839 per
542 1793 669 1827 terras
689 1819 700 1840 ‚
731 1800 803 1839 per
834 1790 949 1827 tertia
982 1790 1142 1827 numina
1174 1791 1285 1842 iuro,

165 1846 240 1885 Per
272 1851 310 1885 te
343 1852 591 1898 praesentem
624 1849 961 1898 conspicuumque
994 1847 1134 1900 deum,

101 1913 144 1944 55
166 1905 274 1944 Hanc
307 1907 473 1944 animam
506 1907 647 1944 favisse
680 1906 750 1944 tibi
770 1938 780 1958 ‚
812 1907 871 1944 vir
903 1907 1068 1945 maxime
1087 1938 1097 1958 ‚
1130 1918 1296 1958 meque,

165 1964 249 2009 Qua
282 1964 362 2002 sola
393 1966 532 2016 potui,
564 1971 695 2003 niente
728 1965 848 2003 fuisse
881 1969 1016 2003 tuum.

164 2022 332 2074 Optavi,
364 2028 521 2073 peteres
554 2023 737 2062 caelestia
769 2024 897 2062 sidera
929 2023 1038 2061 tarde
1059 2054 1069 2074 ,

162 2080 336 2131 Parsque
370 2081 426 2119 fui
458 2081 595 2120 turbae
628 2094 746 2133 parva
777 2083 974 2133 precantis
1007 2081 1133 2133 idem3

163 2137 212 2177 Et
242 2141 305 2190 pia
337 2144 425 2178 tura
457 2140 547 2178 dedi
578 2152 649 2191 pro
682 2146 750 2192 te,
784 2152 952 2190 cumque
989 2139 1170 2179 omuibus
1203 2152 1304 2179 unus

100 2204 143 2235 60
164 2196 251 2248 Ipse
284 2209 441 2248 quoque
474 2199 604 2236 adiuvi
634 2198 791 2249 publica
823 2204 910 2236 vota
943 2200 1062 2236 meis.

163 2255 264 2300 Quid
296 2256 464 2295 reseram
497 2256 647 2307 libros,
686 2257 772 2295 illos
806 2269 962 2307 quoque
982 2288 992 2308 ‚
1032 2258 1194 2295 crimina
1226 2262 1384 2308 nostra,

163 2313 264 2352 Mille
297 2313 392 2353 locis
425 2314 560 2366 plenos
593 2316 762 2354 nominis
795 2327 881 2354 esse
914 2313 1006 2354 tui?
