<?xml version="1.0" encoding="UTF-8"?>
<!DOCTYPE html PUBLIC "-//W3C//DTD XHTML 1.0 Transitional//EN"
    "http://www.w3.org/TR/xhtml1/DTD/xhtml1-transitional.dtd">
<html xmlns="http://www.w3.org/1999/xhtml" xml:lang="en" lang="en">
 <head>
  <title>
</title>
<meta http-equiv="Content-Type" content="text/html;charset=utf-8" />
  <meta name='ocr-system' content='tesseract 3.04.00' />
  <meta name='ocr-capabilities' content='ocr_page ocr_carea ocr_par ocr_line ocrx_word'/>
</head>
<body>
  <div class='ocr_page' id='page_1' title='image "./ovidopera03oviduoft_0225.png"; bbox 0 0 1570 2527; ppageno 0'>
   <div class='ocr_carea' id='block_1_1' title="bbox 534 129 1381 171">
    <p class='ocr_par' dir='ltr' id='par_1_1' title="bbox 534 129 1381 171">
     <span class='ocr_line' id='line_1_1' title="bbox 534 129 1381 171; baseline -0.001 -9"><span class='ocrx_word' id='word_1_1' title='bbox 534 131 598 164; x_wconf 83' lang='lat'>111.</span> <span class='ocrx_word' id='word_1_2' title='bbox 625 138 641 163; x_wconf 92' lang='lat'>1</span> <span class='ocrx_word' id='word_1_3' title='bbox 663 132 811 164; x_wconf 80' lang='lat'>107—11</span> <span class='ocrx_word' id='word_1_4' title='bbox 832 133 886 163; x_wconf 92' lang='grc'>11.</span> <span class='ocrx_word' id='word_1_5' title='bbox 1297 129 1381 171; x_wconf 82' lang='lat'>169</span> 
     </span>
    </p>
   </div>
   <div class='ocr_carea' id='block_1_2' title="bbox 75 238 1388 1580">
    <p class='ocr_par' dir='ltr' id='par_1_2' title="bbox 75 238 1388 1580">
     <span class='ocr_line' id='line_1_2' title="bbox 218 238 1241 290; baseline -0.002 -11"><span class='ocrx_word' id='word_1_6' title='bbox 218 240 295 279; x_wconf 87' lang='lat' dir='ltr'>Per</span> <span class='ocrx_word' id='word_1_7' title='bbox 326 251 461 278; x_wconf 89' lang='lat' dir='ltr'>rerum</span> <span class='ocrx_word' id='word_1_8' title='bbox 491 238 647 278; x_wconf 89' lang='lat' dir='ltr'>turbam</span> <span class='ocrx_word' id='word_1_9' title='bbox 679 244 722 277; x_wconf 87' lang='lat' dir='ltr'>tu</span> <span class='ocrx_word' id='word_1_10' title='bbox 756 251 912 290; x_wconf 91' lang='lat' dir='ltr'>quoque</span> <span class='ocrx_word' id='word_1_11' title='bbox 945 244 1102 290; x_wconf 84' lang='lat' dir='ltr'>oportet</span> <span class='ocrx_word' id='word_1_12' title='bbox 1134 251 1198 277; x_wconf 88' lang='lat' dir='ltr'>eas</span> <span class='ocrx_word' id='word_1_13' title='bbox 1214 238 1241 289; x_wconf 93' lang='lat'>.]</span> 
     </span>
     <span class='ocr_line' id='line_1_3' title="bbox 75 297 1139 349; baseline -0.002 -11"><span class='ocrx_word' id='word_1_14' title='bbox 75 306 140 338; x_wconf 85' lang='lat'>145</span> <span class='ocrx_word' id='word_1_15' title='bbox 161 299 259 338; x_wconf 92' lang='lat' dir='ltr'>Cum</span> <span class='ocrx_word' id='word_1_16' title='bbox 289 298 362 337; x_wconf 85' lang='lat' dir='ltr'>tibi</span> <span class='ocrx_word' id='word_1_17' title='bbox 393 299 602 348; x_wconf 85' lang='lat' dir='ltr'>contigerit</span> <span class='ocrx_word' id='word_1_18' title='bbox 633 297 783 336; x_wconf 87' lang='lat' dir='ltr'>vultum</span> <span class='ocrx_word' id='word_1_19' title='bbox 816 297 976 336; x_wconf 92' lang='lat' dir='ltr'>Iunonis</span> <span class='ocrx_word' id='word_1_20' title='bbox 1009 297 1139 349; x_wconf 87' lang='lat' dir='ltr'>adire,</span> 
     </span>
     <span class='ocr_line' id='line_1_4' title="bbox 219 357 1192 408; baseline -0.001 -13"><span class='ocrx_word' id='word_1_21' title='bbox 219 357 296 395; x_wconf 88' lang='lat' dir='ltr'>Fac</span> <span class='ocrx_word' id='word_1_22' title='bbox 329 358 382 395; x_wconf 90' lang='lat' dir='ltr'>sis</span> <span class='ocrx_word' id='word_1_23' title='bbox 416 368 607 408; x_wconf 82' lang='lat' dir='ltr'>personae</span> <span class='ocrx_word' id='word_1_24' title='bbox 627 387 636 404; x_wconf 89' lang='lat'><strong><em>,</em></strong></span> <span class='ocrx_word' id='word_1_25' title='bbox 671 368 787 406; x_wconf 90' lang='lat' dir='ltr'>quam</span> <span class='ocrx_word' id='word_1_26' title='bbox 819 362 985 408; x_wconf 83' lang='lat' dir='ltr'>tueare,</span> <span class='ocrx_word' id='word_1_27' title='bbox 1017 368 1192 395; x_wconf 90' lang='lat' dir='ltr'>memor.</span> 
     </span>
     <span class='ocr_line' id='line_1_5' title="bbox 160 414 1381 455; baseline -0.002 0"><span class='ocrx_word' id='word_1_28' title='bbox 160 415 241 455; x_wconf 91' lang='lat' dir='ltr'>Nec</span> <span class='ocrx_word' id='word_1_29' title='bbox 274 416 417 454; x_wconf 83' lang='lat' dir='ltr'>factum</span> <span class='ocrx_word' id='word_1_30' title='bbox 451 414 616 453; x_wconf 82' lang='lat' dir='ltr'><strong>defende</strong></span> <span class='ocrx_word' id='word_1_31' title='bbox 643 427 774 453; x_wconf 90' lang='lat' dir='ltr'>meum</span> <span class='ocrx_word' id='word_1_32' title='bbox 795 445 803 453; x_wconf 91' lang='lat'>.</span> <span class='ocrx_word' id='word_1_33' title='bbox 854 414 951 453; x_wconf 87' lang='lat' dir='ltr'>mala</span> <span class='ocrx_word' id='word_1_34' title='bbox 978 428 1092 454; x_wconf 86' lang='lat' dir='ltr'>causa</span> <span class='ocrx_word' id='word_1_35' title='bbox 1120 414 1268 453; x_wconf 90' lang='lat' dir='ltr'>silenda</span> <span class='ocrx_word' id='word_1_36' title='bbox 1301 420 1381 453; x_wconf 88' lang='lat' dir='ltr'>est.</span> 
     </span>
     <span class='ocr_line' id='line_1_6' title="bbox 220 473 1161 525; baseline 0 -13"><span class='ocrx_word' id='word_1_37' title='bbox 220 474 282 513; x_wconf 91' lang='lat' dir='ltr'>Nil</span> <span class='ocrx_word' id='word_1_38' title='bbox 314 476 390 512; x_wconf 92' lang='lat' dir='ltr'>nisi</span> <span class='ocrx_word' id='word_1_39' title='bbox 423 474 610 512; x_wconf 82' lang='lat' dir='ltr'>sollicitae</span> <span class='ocrx_word' id='word_1_40' title='bbox 645 475 722 512; x_wconf 90' lang='lat' dir='ltr'>sint</span> <span class='ocrx_word' id='word_1_41' title='bbox 754 480 820 512; x_wconf 89' lang='lat' dir='ltr'>tua</span> <span class='ocrx_word' id='word_1_42' title='bbox 852 473 969 512; x_wconf 89' lang='lat' dir='ltr'>verba</span> <span class='ocrx_word' id='word_1_43' title='bbox 1000 486 1161 525; x_wconf 85' lang='lat' dir='ltr'>preces.</span> 
     </span>
     <span class='ocr_line' id='line_1_7' title="bbox 161 532 1383 584; baseline -0.001 -12"><span class='ocrx_word' id='word_1_44' title='bbox 161 533 262 572; x_wconf 90' lang='lat' dir='ltr'>Tum</span> <span class='ocrx_word' id='word_1_45' title='bbox 294 532 463 571; x_wconf 79' lang='lat' dir='ltr'>lacrimis</span> <span class='ocrx_word' id='word_1_46' title='bbox 490 532 680 571; x_wconf 86' lang='lat' dir='ltr'>demenda</span> <span class='ocrx_word' id='word_1_47' title='bbox 712 544 820 570; x_wconf 92' lang='lat' dir='ltr'>mora</span> <span class='ocrx_word' id='word_1_48' title='bbox 847 538 928 580; x_wconf 86' lang='lat' dir='ltr'>est,</span> <span class='ocrx_word' id='word_1_49' title='bbox 962 534 1248 584; x_wconf 86' lang='lat' dir='ltr'>summissaque</span> <span class='ocrx_word' id='word_1_50' title='bbox 1278 538 1383 571; x_wconf 87' lang='lat' dir='ltr'>terra</span> 
     </span>
     <span class='ocr_line' id='line_1_8' title="bbox 75 590 1106 642; baseline -0.001 -11"><span class='ocrx_word' id='word_1_51' title='bbox 75 600 141 631; x_wconf 87' lang='lat'>150</span> <span class='ocrx_word' id='word_1_52' title='bbox 220 591 277 630; x_wconf 88' lang='lat' dir='ltr'>Ad</span> <span class='ocrx_word' id='word_1_53' title='bbox 310 604 388 630; x_wconf 90' lang='lat' dir='ltr'>non</span> <span class='ocrx_word' id='word_1_54' title='bbox 421 591 594 630; x_wconf 88' lang='lat' dir='ltr'>mortalis</span> <span class='ocrx_word' id='word_1_55' title='bbox 626 590 783 629; x_wconf 88' lang='lat' dir='ltr'>brachia</span> <span class='ocrx_word' id='word_1_56' title='bbox 818 591 931 630; x_wconf 92' lang='lat' dir='ltr'>tende</span> <span class='ocrx_word' id='word_1_57' title='bbox 964 591 1106 642; x_wconf 81' lang='lat' dir='ltr'>pedeS.</span> 
     </span>
     <span class='ocr_line' id='line_1_9' title="bbox 163 649 1353 701; baseline -0.001 -12"><span class='ocrx_word' id='word_1_58' title='bbox 163 650 263 689; x_wconf 91' lang='lat' dir='ltr'>Tum</span> <span class='ocrx_word' id='word_1_59' title='bbox 295 656 383 701; x_wconf 91' lang='lat' dir='ltr'>pete</span> <span class='ocrx_word' id='word_1_60' title='bbox 417 650 471 688; x_wconf 89' lang='lat' dir='ltr'>nil</span> <span class='ocrx_word' id='word_1_61' title='bbox 504 649 605 688; x_wconf 89' lang='lat' dir='ltr'>aliud</span> <span class='ocrx_word' id='word_1_62' title='bbox 626 681 636 701; x_wconf 89' lang='lat'><em>‚</em></span> <span class='ocrx_word' id='word_1_63' title='bbox 670 662 783 688; x_wconf 89' lang='lat' dir='ltr'>saevo</span> <span class='ocrx_word' id='word_1_64' title='bbox 817 651 893 688; x_wconf 87' lang='lat' dir='ltr'>nisi</span> <span class='ocrx_word' id='word_1_65' title='bbox 925 649 972 689; x_wconf 89' lang='lat' dir='ltr'>ab</span> <span class='ocrx_word' id='word_1_66' title='bbox 1004 650 1116 688; x_wconf 88' lang='lat' dir='ltr'>hoste</span> <span class='ocrx_word' id='word_1_67' title='bbox 1149 649 1353 689; x_wconf 87' lang='lat' dir='ltr'>recedam:</span> 
     </span>
     <span class='ocr_line' id='line_1_10' title="bbox 221 708 1091 747; baseline -0.001 0"><span class='ocrx_word' id='word_1_68' title='bbox 221 708 383 747; x_wconf 82' lang='lat' dir='ltr'>Hostem</span> <span class='ocrx_word' id='word_1_69' title='bbox 416 709 612 747; x_wconf 81' lang='lat' dir='ltr'>fortunam</span> <span class='ocrx_word' id='word_1_70' title='bbox 645 710 697 747; x_wconf 88' lang='lat' dir='ltr'>sit</span> <span class='ocrx_word' id='word_1_71' title='bbox 728 710 822 747; x_wconf 89' lang='lat' dir='ltr'>satis</span> <span class='ocrx_word' id='word_1_72' title='bbox 855 721 941 747; x_wconf 91' lang='lat' dir='ltr'>esse</span> <span class='ocrx_word' id='word_1_73' title='bbox 974 709 1091 747; x_wconf 89' lang='lat' dir='ltr'>mihi.</span> 
     </span>
     <span class='ocr_line' id='line_1_11' title="bbox 163 767 1242 818; baseline 0 -12"><span class='ocrx_word' id='word_1_74' title='bbox 163 767 280 806; x_wconf 89' lang='lat' dir='ltr'>Plura</span> <span class='ocrx_word' id='word_1_75' title='bbox 313 767 470 818; x_wconf 92' lang='lat' dir='ltr'>quidem</span> <span class='ocrx_word' id='word_1_76' title='bbox 504 767 699 805; x_wconf 87' lang='lat' dir='ltr'>subeunt:</span> <span class='ocrx_word' id='word_1_77' title='bbox 750 767 818 805; x_wconf 92' lang='lat' dir='ltr'>sed</span> <span class='ocrx_word' id='word_1_78' title='bbox 852 767 1070 806; x_wconf 87' lang='lat' dir='ltr'>disturbata</span> <span class='ocrx_word' id='word_1_79' title='bbox 1103 769 1242 806; x_wconf 90' lang='lat' dir='ltr'>timore</span> 
     </span>
     <span class='ocr_line' id='line_1_12' title="bbox 222 825 1306 876; baseline 0 -12"><span class='ocrx_word' id='word_1_80' title='bbox 222 825 326 864; x_wconf 88' lang='lat' dir='ltr'>Haec</span> <span class='ocrx_word' id='word_1_81' title='bbox 360 837 516 876; x_wconf 90' lang='lat' dir='ltr'>quoque</span> <span class='ocrx_word' id='word_1_82' title='bbox 550 827 612 863; x_wconf 78' lang='lat' dir='ltr'>vix</span> <span class='ocrx_word' id='word_1_83' title='bbox 644 827 792 876; x_wconf 87' lang='lat' dir='ltr'>poteris</span> <span class='ocrx_word' id='word_1_84' title='bbox 825 837 918 864; x_wconf 87' lang='lat' dir='ltr'>voce</span> <span class='ocrx_word' id='word_1_85' title='bbox 953 832 1144 865; x_wconf 89' lang='lat' dir='ltr'>tremente</span> <span class='ocrx_word' id='word_1_86' title='bbox 1177 826 1306 876; x_wconf 91' lang='lat' dir='ltr'>loqui.</span> 
     </span>
     <span class='ocr_line' id='line_1_13' title="bbox 78 883 1286 935; baseline -0.002 -10"><span class='ocrx_word' id='word_1_87' title='bbox 78 893 142 925; x_wconf 82' lang='lat'>155</span> <span class='ocrx_word' id='word_1_88' title='bbox 163 884 353 935; x_wconf 89' lang='lat' dir='ltr'>Suspicor</span> <span class='ocrx_word' id='word_1_89' title='bbox 385 883 459 922; x_wconf 88' lang='lat' dir='ltr'>hoc</span> <span class='ocrx_word' id='word_1_90' title='bbox 492 883 632 922; x_wconf 89' lang='lat' dir='ltr'>damno</span> <span class='ocrx_word' id='word_1_91' title='bbox 665 884 747 922; x_wconf 85' lang='lat' dir='ltr'>fore</span> <span class='ocrx_word' id='word_1_92' title='bbox 781 895 858 922; x_wconf 92' lang='lat' dir='ltr'>non</span> <span class='ocrx_word' id='word_1_93' title='bbox 891 884 962 923; x_wconf 87' lang='lat' dir='ltr'>tihi</span> <span class='ocrx_word' id='word_1_94' title='bbox 983 915 991 923; x_wconf 91' lang='lat'>.</span> <span class='ocrx_word' id='word_1_95' title='bbox 1047 886 1191 923; x_wconf 89' lang='lat' dir='ltr'>sentiet</span> <span class='ocrx_word' id='word_1_96' title='bbox 1221 884 1286 923; x_wconf 90' lang='lat' dir='ltr'>illa</span> 
     </span>
     <span class='ocr_line' id='line_1_14' title="bbox 223 943 1001 993; baseline 0.001 -13"><span class='ocrx_word' id='word_1_97' title='bbox 223 943 276 981; x_wconf 91' lang='lat' dir='ltr'>Te</span> <span class='ocrx_word' id='word_1_98' title='bbox 308 943 552 981; x_wconf 86' lang='lat' dir='ltr'>maiestatem</span> <span class='ocrx_word' id='word_1_99' title='bbox 583 944 835 993; x_wconf 82' lang='lat' dir='ltr'>pertimuisse</span> <span class='ocrx_word' id='word_1_100' title='bbox 869 955 1001 981; x_wconf 88' lang='lat' dir='ltr'>suam.</span> 
     </span>
     <span class='ocr_line' id='line_1_15' title="bbox 162 1001 1184 1053; baseline -0.001 -12"><span class='ocrx_word' id='word_1_101' title='bbox 162 1002 242 1041; x_wconf 92' lang='lat' dir='ltr'>Nec</span> <span class='ocrx_word' id='word_1_102' title='bbox 274 1007 340 1040; x_wconf 90' lang='lat' dir='ltr'>tua</span> <span class='ocrx_word' id='word_1_103' title='bbox 373 1003 406 1039; x_wconf 89' lang='lat' dir='ltr'>si</span> <span class='ocrx_word' id='word_1_104' title='bbox 437 1001 530 1040; x_wconf 90' lang='lat' dir='ltr'>ssetu</span> <span class='ocrx_word' id='word_1_105' title='bbox 564 1001 794 1039; x_wconf 80' lang='lat' dir='ltr'>scindentur</span> <span class='ocrx_word' id='word_1_106' title='bbox 827 1001 942 1039; x_wconf 84' lang='lat' dir='ltr'>verba</span> <span class='ocrx_word' id='word_1_107' title='bbox 962 1033 972 1053; x_wconf 84' lang='lat'><em>‚</em></span> <span class='ocrx_word' id='word_1_108' title='bbox 1005 1001 1184 1040; x_wconf 83' lang='lat' dir='ltr'>nocebit.</span> 
     </span>
     <span class='ocr_line' id='line_1_16' title="bbox 222 1059 1179 1110; baseline -0.001 -11"><span class='ocrx_word' id='word_1_109' title='bbox 222 1060 424 1099; x_wconf 85' lang='lat' dir='ltr'>Interdum</span> <span class='ocrx_word' id='word_1_110' title='bbox 455 1060 636 1098; x_wconf 78' lang='lat' dir='ltr'>lacrimae</span> <span class='ocrx_word' id='word_1_111' title='bbox 669 1059 842 1110; x_wconf 89' lang='lat' dir='ltr'>pondera</span> <span class='ocrx_word' id='word_1_112' title='bbox 874 1062 979 1098; x_wconf 90' lang='lat' dir='ltr'>vocis</span> <span class='ocrx_word' id='word_1_113' title='bbox 1011 1060 1179 1099; x_wconf 87' lang='lat' dir='ltr'>habent.</span> 
     </span>
     <span class='ocr_line' id='line_1_17' title="bbox 164 1118 1190 1170; baseline -0.001 -12"><span class='ocrx_word' id='word_1_114' title='bbox 164 1119 247 1158; x_wconf 83' lang='lat' dir='ltr'>Lux</span> <span class='ocrx_word' id='word_1_115' title='bbox 280 1121 395 1157; x_wconf 90' lang='lat' dir='ltr'>etiam</span> <span class='ocrx_word' id='word_1_116' title='bbox 429 1120 577 1169; x_wconf 88' lang='lat' dir='ltr'>coeptis</span> <span class='ocrx_word' id='word_1_117' title='bbox 609 1118 726 1157; x_wconf 88' lang='lat' dir='ltr'>facito</span> <span class='ocrx_word' id='word_1_118' title='bbox 758 1118 859 1157; x_wconf 86' lang='lat' dir='ltr'>bona</span> <span class='ocrx_word' id='word_1_119' title='bbox 891 1118 1033 1157; x_wconf 85' lang='lat' dir='ltr'>talibus</span> <span class='ocrx_word' id='word_1_120' title='bbox 1067 1119 1190 1170; x_wconf 83' lang='lat' dir='ltr'>adsit,</span> 
     </span>
     <span class='ocr_line' id='line_1_18' title="bbox 79 1177 1197 1228; baseline -0.001 -11"><span class='ocrx_word' id='word_1_121' title='bbox 79 1187 144 1217; x_wconf 83' lang='grc'>160</span> <span class='ocrx_word' id='word_1_122' title='bbox 224 1177 406 1228; x_wconf 82' lang='lat' dir='ltr'>Horaque</span> <span class='ocrx_word' id='word_1_123' title='bbox 439 1178 677 1215; x_wconf 82' lang='lat' dir='ltr'>conveniens</span> <span class='ocrx_word' id='word_1_124' title='bbox 710 1178 1006 1228; x_wconf 85' lang='lat' dir='ltr'>auspiciumque</span> <span class='ocrx_word' id='word_1_125' title='bbox 1040 1178 1197 1216; x_wconf 85' lang='lat' dir='ltr'>favens.</span> 
     </span>
     <span class='ocr_line' id='line_1_19' title="bbox 166 1235 1106 1287; baseline -0.001 -12"><span class='ocrx_word' id='word_1_126' title='bbox 166 1236 241 1275; x_wconf 90' lang='lat' dir='ltr'>Sed</span> <span class='ocrx_word' id='word_1_127' title='bbox 274 1238 384 1287; x_wconf 86' lang='lat' dir='ltr'>prius</span> <span class='ocrx_word' id='word_1_128' title='bbox 416 1237 598 1286; x_wconf 90' lang='lat' dir='ltr'>imposito</span> <span class='ocrx_word' id='word_1_129' title='bbox 632 1237 775 1274; x_wconf 86' lang='lat' dir='ltr'>sanctis</span> <span class='ocrx_word' id='word_1_130' title='bbox 807 1235 994 1274; x_wconf 86' lang='lat' dir='ltr'>altaribus</span> <span class='ocrx_word' id='word_1_131' title='bbox 1025 1238 1106 1287; x_wconf 84' lang='lat' dir='ltr'>igni</span> 
     </span>
     <span class='ocr_line' id='line_1_20' title="bbox 225 1294 1176 1345; baseline 0 -12"><span class='ocrx_word' id='word_1_132' title='bbox 225 1295 330 1333; x_wconf 87' lang='lat' dir='ltr'>Tura</span> <span class='ocrx_word' id='word_1_133' title='bbox 362 1295 421 1333; x_wconf 87' lang='lat' dir='ltr'>ser</span> <span class='ocrx_word' id='word_1_134' title='bbox 454 1294 500 1332; x_wconf 89' lang='lat' dir='ltr'>ad</span> <span class='ocrx_word' id='word_1_135' title='bbox 532 1306 693 1344; x_wconf 84' lang='lat' dir='ltr'>magnos</span> <span class='ocrx_word' id='word_1_136' title='bbox 725 1295 892 1344; x_wconf 87' lang='lat' dir='ltr'>vinaque</span> <span class='ocrx_word' id='word_1_137' title='bbox 925 1306 1022 1345; x_wconf 83' lang='lat' dir='ltr'>pura</span> <span class='ocrx_word' id='word_1_138' title='bbox 1056 1294 1176 1333; x_wconf 86' lang='lat' dir='ltr'>deos.</span> 
     </span>
     <span class='ocr_line' id='line_1_21' title="bbox 168 1353 1277 1405; baseline 0 -14"><span class='ocrx_word' id='word_1_139' title='bbox 168 1353 216 1404; x_wconf 82' lang='lat' dir='ltr'>[E</span> <span class='ocrx_word' id='word_1_140' title='bbox 250 1353 393 1405; x_wconf 89' lang='lat' dir='ltr'>quihus</span> <span class='ocrx_word' id='word_1_141' title='bbox 425 1359 513 1391; x_wconf 86' lang='lat' dir='ltr'>ante</span> <span class='ocrx_word' id='word_1_142' title='bbox 546 1355 672 1391; x_wconf 88' lang='lat' dir='ltr'>omnis</span> <span class='ocrx_word' id='word_1_143' title='bbox 705 1353 924 1403; x_wconf 81' lang='lat' dir='ltr'>Augustum</span> <span class='ocrx_word' id='word_1_144' title='bbox 958 1365 1104 1391; x_wconf 84' lang='lat' dir='ltr'>numen</span> <span class='ocrx_word' id='word_1_145' title='bbox 1136 1353 1277 1405; x_wconf 80' lang='lat' dir='ltr'>adora,</span> 
     </span>
     <span class='ocr_line' id='line_1_22' title="bbox 224 1411 1193 1463; baseline -0.001 -13"><span class='ocrx_word' id='word_1_146' title='bbox 224 1413 535 1462; x_wconf 86' lang='lat' dir='ltr'>Progeniemque</span> <span class='ocrx_word' id='word_1_147' title='bbox 568 1413 670 1462; x_wconf 88' lang='lat' dir='ltr'>piam</span> <span class='ocrx_word' id='word_1_148' title='bbox 690 1443 700 1463; x_wconf 83' lang='grc'>,</span> <span class='ocrx_word' id='word_1_149' title='bbox 733 1413 1043 1462; x_wconf 79' lang='lat' dir='ltr'>participemque</span> <span class='ocrx_word' id='word_1_150' title='bbox 1075 1413 1151 1450; x_wconf 83' lang='lat' dir='ltr'>tori</span> <span class='ocrx_word' id='word_1_151' title='bbox 1167 1411 1193 1461; x_wconf 93' lang='lat'>.]</span> 
     </span>
     <span class='ocr_line' id='line_1_23' title="bbox 80 1469 1388 1521; baseline -0.005 -10"><span class='ocrx_word' id='word_1_152' title='bbox 80 1480 145 1511; x_wconf 83' lang='lat'>165</span> <span class='ocrx_word' id='word_1_153' title='bbox 168 1472 254 1510; x_wconf 89' lang='lat' dir='ltr'>Sint</span> <span class='ocrx_word' id='word_1_154' title='bbox 285 1472 434 1509; x_wconf 85' lang='lat' dir='ltr'>utinam</span> <span class='ocrx_word' id='word_1_155' title='bbox 468 1472 582 1508; x_wconf 88' lang='lat' dir='ltr'>mites</span> <span class='ocrx_word' id='word_1_156' title='bbox 615 1470 728 1508; x_wconf 85' lang='lat' dir='ltr'>solito</span> <span class='ocrx_word' id='word_1_157' title='bbox 761 1469 831 1508; x_wconf 86' lang='lat' dir='ltr'>tibi</span> <span class='ocrx_word' id='word_1_158' title='bbox 864 1482 1002 1520; x_wconf 89' lang='lat' dir='ltr'>more,</span> <span class='ocrx_word' id='word_1_159' title='bbox 1035 1477 1200 1521; x_wconf 82' lang='lat' dir='ltr'>tuasque</span> <span class='ocrx_word' id='word_1_160' title='bbox 1332 1479 1388 1512; x_wconf 82' lang='lat'>(79)</span> 
     </span>
     <span class='ocr_line' id='line_1_24' title="bbox 225 1528 1115 1580; baseline -0.001 -12"><span class='ocrx_word' id='word_1_161' title='bbox 225 1529 311 1568; x_wconf 90' lang='lat' dir='ltr'>Non</span> <span class='ocrx_word' id='word_1_162' title='bbox 344 1529 453 1567; x_wconf 91' lang='lat' dir='ltr'>duris</span> <span class='ocrx_word' id='word_1_163' title='bbox 486 1528 665 1567; x_wconf 85' lang='lat' dir='ltr'>lacrimas</span> <span class='ocrx_word' id='word_1_164' title='bbox 698 1528 869 1567; x_wconf 85' lang='lat' dir='ltr'>vultibus</span> <span class='ocrx_word' id='word_1_165' title='bbox 903 1528 1115 1580; x_wconf 76' lang='lat' dir='ltr'>aspiciant!</span> 
     </span>
    </p>
   </div>
   <div class='ocr_carea' id='block_1_3' title="bbox 690 1657 748 1705">
    <p class='ocr_par' dir='ltr' id='par_1_3' title="bbox 690 1657 748 1705">
     <span class='ocr_line' id='line_1_25' title="bbox 690 1657 748 1705; baseline 0.034 -2"><span class='ocrx_word' id='word_1_166' title='bbox 690 1657 748 1705; x_wconf 92' lang='grc' dir='ltr'>Π.</span> 
     </span>
    </p>
   </div>
   <div class='ocr_carea' id='block_1_4' title="bbox 105 1762 1336 2403">
    <p class='ocr_par' dir='ltr' id='par_1_4' title="bbox 105 1762 1336 2403">
     <span class='ocr_line' id='line_1_26' title="bbox 169 1762 1336 1817; baseline 0.002 -16"><span class='ocrx_word' id='word_1_167' title='bbox 169 1764 292 1809; x_wconf 87' lang='lat' dir='ltr'>Quam</span> <span class='ocrx_word' id='word_1_168' title='bbox 323 1762 420 1813; x_wconf 83' lang='lat' dir='ltr'>legis</span> <span class='ocrx_word' id='word_1_169' title='bbox 453 1775 472 1801; x_wconf 89' lang='lat' dir='ltr'>a</span> <span class='ocrx_word' id='word_1_170' title='bbox 504 1762 618 1802; x_wconf 89' lang='lat' dir='ltr'>nobis</span> <span class='ocrx_word' id='word_1_171' title='bbox 651 1764 807 1802; x_wconf 88' lang='lat' dir='ltr'>missam</span> <span class='ocrx_word' id='word_1_172' title='bbox 840 1763 940 1815; x_wconf 85' lang='lat' dir='ltr'>tibi,</span> <span class='ocrx_word' id='word_1_173' title='bbox 974 1763 1114 1816; x_wconf 83' lang='lat' dir='ltr'>Cotta,</span> <span class='ocrx_word' id='word_1_174' title='bbox 1147 1764 1336 1817; x_wconf 83' lang='lat' dir='ltr'>salutem,</span> 
     </span>
     <span class='ocr_line' id='line_1_27' title="bbox 226 1822 1159 1874; baseline 0.001 -14"><span class='ocrx_word' id='word_1_175' title='bbox 226 1822 343 1860; x_wconf 88' lang='lat' dir='ltr'>Missa</span> <span class='ocrx_word' id='word_1_176' title='bbox 376 1823 426 1860; x_wconf 91' lang='lat' dir='ltr'>sit</span> <span class='ocrx_word' id='word_1_177' title='bbox 458 1826 502 1860; x_wconf 88' lang='lat' dir='ltr'>ut</span> <span class='ocrx_word' id='word_1_178' title='bbox 533 1834 624 1860; x_wconf 86' lang='lat' dir='ltr'>vere</span> <span class='ocrx_word' id='word_1_179' title='bbox 656 1824 934 1873; x_wconf 84' lang='lat' dir='ltr'>pervigeatque</span> <span class='ocrx_word' id='word_1_180' title='bbox 953 1854 964 1874; x_wconf 85' lang='lat'><strong><em>,</em></strong></span> <span class='ocrx_word' id='word_1_181' title='bbox 995 1835 1159 1873; x_wconf 88' lang='lat' dir='ltr'>precor.</span> 
     </span>
     <span class='ocr_line' id='line_1_28' title="bbox 167 1880 1300 1934; baseline 0.001 -15"><span class='ocrx_word' id='word_1_182' title='bbox 167 1881 342 1932; x_wconf 90' lang='lat' dir='ltr'>Namque</span> <span class='ocrx_word' id='word_1_183' title='bbox 376 1882 473 1919; x_wconf 89' lang='lat' dir='ltr'>meis</span> <span class='ocrx_word' id='word_1_184' title='bbox 505 1893 641 1931; x_wconf 87' lang='lat' dir='ltr'>sospes</span> <span class='ocrx_word' id='word_1_185' title='bbox 673 1880 840 1920; x_wconf 90' lang='lat' dir='ltr'>multum</span> <span class='ocrx_word' id='word_1_186' title='bbox 873 1881 1113 1920; x_wconf 87' lang='lat' dir='ltr'>cruciatibus</span> <span class='ocrx_word' id='word_1_187' title='bbox 1146 1882 1300 1934; x_wconf 84' lang='lat' dir='ltr'>aufers,</span> 
     </span>
     <span class='ocr_line' id='line_1_29' title="bbox 226 1939 1219 1992; baseline 0 -14"><span class='ocrx_word' id='word_1_188' title='bbox 226 1939 354 1990; x_wconf 88' lang='lat' dir='ltr'>thue</span> <span class='ocrx_word' id='word_1_189' title='bbox 388 1941 438 1977; x_wconf 89' lang='lat' dir='ltr'>sit</span> <span class='ocrx_word' id='word_1_190' title='bbox 468 1941 507 1978; x_wconf 95' lang='lat' dir='ltr'>in</span> <span class='ocrx_word' id='word_1_191' title='bbox 540 1939 653 1978; x_wconf 89' lang='lat' dir='ltr'>nobis</span> <span class='ocrx_word' id='word_1_192' title='bbox 684 1952 776 1991; x_wconf 86' lang='lat' dir='ltr'>pars</span> <span class='ocrx_word' id='word_1_193' title='bbox 807 1939 908 1978; x_wconf 84' lang='lat' dir='ltr'>bona</span> <span class='ocrx_word' id='word_1_194' title='bbox 941 1940 1069 1992; x_wconf 86' lang='lat' dir='ltr'>salva,</span> <span class='ocrx_word' id='word_1_195' title='bbox 1102 1941 1219 1979; x_wconf 85' lang='lat' dir='ltr'>facis.</span> 
     </span>
     <span class='ocr_line' id='line_1_30' title="bbox 126 1997 1336 2051; baseline -0.001 -13"><span class='ocrx_word' id='word_1_196' title='bbox 126 2007 146 2038; x_wconf 86' lang='lat'>5</span> <span class='ocrx_word' id='word_1_197' title='bbox 168 1998 344 2048; x_wconf 90' lang='lat' dir='ltr'>Cumque</span> <span class='ocrx_word' id='word_1_198' title='bbox 378 1997 510 2036; x_wconf 88' lang='lat' dir='ltr'>labent</span> <span class='ocrx_word' id='word_1_199' title='bbox 541 1998 689 2050; x_wconf 83' lang='lat' dir='ltr'>aliqui,</span> <span class='ocrx_word' id='word_1_200' title='bbox 721 2001 939 2049; x_wconf 86' lang='lat' dir='ltr'>iactataque</span> <span class='ocrx_word' id='word_1_201' title='bbox 973 1999 1055 2037; x_wconf 88' lang='lat' dir='ltr'>vela</span> <span class='ocrx_word' id='word_1_202' title='bbox 1088 1999 1336 2051; x_wconf 86' lang='lat' dir='ltr'>relinquant,</span> 
     </span>
     <span class='ocr_line' id='line_1_31' title="bbox 227 2057 1098 2096; baseline 0.001 -2"><span class='ocrx_word' id='word_1_203' title='bbox 227 2057 286 2095; x_wconf 92' lang='lat' dir='ltr'>Tu</span> <span class='ocrx_word' id='word_1_204' title='bbox 317 2057 468 2095; x_wconf 90' lang='lat' dir='ltr'>lacerae</span> <span class='ocrx_word' id='word_1_205' title='bbox 500 2069 681 2096; x_wconf 89' lang='lat' dir='ltr'>remanes</span> <span class='ocrx_word' id='word_1_206' title='bbox 714 2069 855 2096; x_wconf 84' lang='lat' dir='ltr'>ancora</span> <span class='ocrx_word' id='word_1_207' title='bbox 889 2057 968 2095; x_wconf 89' lang='lat' dir='ltr'>sola</span> <span class='ocrx_word' id='word_1_208' title='bbox 1000 2059 1098 2096; x_wconf 87' lang='lat' dir='ltr'>rati.</span> 
     </span>
     <span class='ocr_line' id='line_1_32' title="bbox 167 2115 1236 2167; baseline -0.001 -13"><span class='ocrx_word' id='word_1_209' title='bbox 167 2115 283 2154; x_wconf 88' lang='lat' dir='ltr'>Grata</span> <span class='ocrx_word' id='word_1_210' title='bbox 315 2121 381 2154; x_wconf 89' lang='lat' dir='ltr'>tua</span> <span class='ocrx_word' id='word_1_211' title='bbox 413 2121 473 2154; x_wconf 89' lang='lat' dir='ltr'>est</span> <span class='ocrx_word' id='word_1_212' title='bbox 503 2117 623 2166; x_wconf 82' lang='lat' dir='ltr'>igitur</span> <span class='ocrx_word' id='word_1_213' title='bbox 655 2118 808 2167; x_wconf 90' lang='lat' dir='ltr'>pietas.</span> <span class='ocrx_word' id='word_1_214' title='bbox 865 2117 1105 2166; x_wconf 86' lang='lat' dir='ltr'>ignoscimus</span> <span class='ocrx_word' id='word_1_215' title='bbox 1136 2115 1236 2167; x_wconf 80' lang='lat' dir='ltr'>illis,</span> 
     </span>
     <span class='ocr_line' id='line_1_33' title="bbox 227 2173 1099 2226; baseline -0.001 -13"><span class='ocrx_word' id='word_1_216' title='bbox 227 2174 303 2220; x_wconf 91' lang='lat' dir='ltr'>Qui</span> <span class='ocrx_word' id='word_1_217' title='bbox 335 2186 425 2213; x_wconf 90' lang='lat' dir='ltr'>cum</span> <span class='ocrx_word' id='word_1_218' title='bbox 457 2175 615 2213; x_wconf 84' lang='lat' dir='ltr'>fortuna</span> <span class='ocrx_word' id='word_1_219' title='bbox 645 2181 754 2226; x_wconf 84' lang='lat' dir='ltr'>terga</span> <span class='ocrx_word' id='word_1_220' title='bbox 786 2173 929 2213; x_wconf 90' lang='lat' dir='ltr'>dedere</span> <span class='ocrx_word' id='word_1_221' title='bbox 963 2175 1099 2225; x_wconf 84' lang='lat' dir='ltr'>fugae.</span> 
     </span>
     <span class='ocr_line' id='line_1_34' title="bbox 167 2232 1288 2285; baseline 0 -14"><span class='ocrx_word' id='word_1_222' title='bbox 167 2233 264 2272; x_wconf 90' lang='lat' dir='ltr'>Cum</span> <span class='ocrx_word' id='word_1_223' title='bbox 296 2234 439 2272; x_wconf 85' lang='lat' dir='ltr'>feriant</span> <span class='ocrx_word' id='word_1_224' title='bbox 469 2246 592 2272; x_wconf 91' lang='lat' dir='ltr'>unum</span> <span class='ocrx_word' id='word_1_225' title='bbox 611 2264 622 2285; x_wconf 85' lang='lat'><em>‚</em></span> <span class='ocrx_word' id='word_1_226' title='bbox 655 2246 733 2272; x_wconf 92' lang='lat' dir='ltr'>non</span> <span class='ocrx_word' id='word_1_227' title='bbox 765 2245 887 2272; x_wconf 92' lang='lat' dir='ltr'>unum</span> <span class='ocrx_word' id='word_1_228' title='bbox 921 2232 1082 2271; x_wconf 85' lang='lat' dir='ltr'>fulmina</span> <span class='ocrx_word' id='word_1_229' title='bbox 1115 2237 1288 2281; x_wconf 87' lang='lat' dir='ltr'>terrent,</span> 
     </span>
     <span class='ocr_line' id='line_1_35' title="bbox 105 2290 1141 2343; baseline 0 -13"><span class='ocrx_word' id='word_1_230' title='bbox 105 2299 147 2331; x_wconf 90' lang='lat'>10</span> <span class='ocrx_word' id='word_1_231' title='bbox 228 2291 444 2343; x_wconf 89' lang='lat' dir='ltr'>Iunctaque</span> <span class='ocrx_word' id='word_1_232' title='bbox 476 2304 666 2343; x_wconf 87' lang='lat' dir='ltr'>percusso</span> <span class='ocrx_word' id='word_1_233' title='bbox 699 2290 814 2330; x_wconf 87' lang='lat' dir='ltr'>turba</span> <span class='ocrx_word' id='word_1_234' title='bbox 847 2303 989 2342; x_wconf 89' lang='lat' dir='ltr'>pavere</span> <span class='ocrx_word' id='word_1_235' title='bbox 1022 2292 1141 2330; x_wconf 88' lang='lat' dir='ltr'>solet.</span> 
     </span>
     <span class='ocr_line' id='line_1_36' title="bbox 169 2350 1204 2403; baseline 0 -14"><span class='ocrx_word' id='word_1_236' title='bbox 169 2350 346 2401; x_wconf 91' lang='lat' dir='ltr'>Cumque</span> <span class='ocrx_word' id='word_1_237' title='bbox 379 2350 487 2390; x_wconf 89' lang='lat' dir='ltr'>dedit</span> <span class='ocrx_word' id='word_1_238' title='bbox 518 2352 648 2402; x_wconf 88' lang='lat' dir='ltr'>paries</span> <span class='ocrx_word' id='word_1_239' title='bbox 680 2355 870 2389; x_wconf 87' lang='lat' dir='ltr'>venturae</span> <span class='ocrx_word' id='word_1_240' title='bbox 903 2352 1012 2402; x_wconf 87' lang='lat' dir='ltr'>signa</span> <span class='ocrx_word' id='word_1_241' title='bbox 1043 2352 1204 2403; x_wconf 85' lang='lat' dir='ltr'>ruinae,</span> 
     </span>
    </p>
   </div>
  </div>
 </body>
</html>
