1570 2527
1233 79 1384 114 XXXIX

48 192 90 228 in
121 191 187 228 der
217 190 314 228 mike
345 201 409 228 am
432 190 520 237 ufer
543 192 640 228 reste
659 190 754 228 alter
774 190 1054 239 baulichkeiten,
1086 191 1380 240 reticularwerk,

49 250 90 286 m
120 249 186 286 der
215 248 394 286 ndchsten
423 249 540 296 viyna
570 249 636 285 der
666 248 737 295 sels
767 259 815 286 zu
846 248 986 287 kellern
1017 249 1243 296 ausqeho'lzlt.
1321 260 1383 286 am

49 307 175 344 Zinken
204 307 292 354 ufer
322 308 426 344 weite
437 307 568 354 ptime,
599 308 668 344 mit
685 309 916 344 verstreuten
936 307 1060 345 eichen
1079 308 1294 345 bestanden.

49 362 133 403 343
165 372 319 403 LAETo
353 372 678 402 CELEBERRIMA
703 372 876 403 voLGo.
950 365 1173 403 emendavit
1204 364 1266 403 Fr.
1293 365 1382 402 Pol-

48 423 124 461 lius
157 423 333 461 adhibito
366 423 470 473 quod
500 423 541 460 in
566 423 657 461 Met.
683 422 741 460 VI
769 424 850 460 165
879 425 950 471 est,
983 426 1158 462 comitum
1183 424 1304 461 Niobe
1328 435 1381 461 ce-

48 482 249 520 leberrima
260 483 383 520 turba.
516 478 600 519 429
615 489 843 519 FUERANT.
917 494 995 519 non
1013 482 1090 520 fuit
1103 482 1175 520 hoo
1187 484 1383 530 temptan-

47 539 142 578 dum
182 540 231 578 ab
262 540 426 578 Heinsio
464 541 503 577 et
540 540 732 578 Bentleio.
805 552 1015 588 pos-ueram
1053 540 1136 578 eius
1173 540 1382 578 locutionis

48 598 200 648 aliquot
232 599 410 647 exempla
442 597 490 635 ad
512 598 628 637 Trist.
660 612 725 647 pp.
748 599 801 636 10
828 601 867 636 et
889 600 985 647 292,
1018 599 1097 636 alia
1128 599 1265 636 eodem
1283 601 1382 636 tem-

47 668 141 704 pore
174 657 235 694 Fr.
270 656 442 694 Haasius
475 656 523 693 ad
554 656 782 705 Reisigiana
813 656 942 694 adnot.
976 658 1071 696 456.
1147 659 1238 695 sunt
1263 657 1383 694 etiam

47 714 109 751 III
130 715 182 752 33
218 715 272 752 34
308 716 388 752 149
423 714 459 750 V
483 715 564 752 184
597 714 654 751 VI
677 716 770 752 722.
921 712 1005 752 479
1038 715 1245 753 insimulor
1275 715 1382 753 iden-

48 772 169 810 tidem
204 772 395 821 incuriae,
439 772 541 821 quod
580 771 770 810 ediderim
806 773 1048 821 Peloriadem,
1091 774 1208 822 idque
1247 776 1383 811 eontra

46 831 238 869 librorum
275 830 519 880 quorundam
557 830 838 868 testimonium.
912 832 1069 868 secutus
1101 831 1253 869 sueram
1286 832 1381 869 San-

46 889 143 927 tenii
175 889 491 928 observationem
522 889 711 926 ineditam
749 891 789 926 et
820 888 1062 927 Lobeokium
1093 890 1182 939 Agl.
1215 903 1251 938 p.
1287 891 1380 927 982.

47 948 155 985 extat
195 947 242 985 de
279 960 321 985 re
353 948 474 985 etiam
507 946 733 984 dissertatio
765 947 1011 985 Fleckeiseni
1041 947 1083 984 in
1113 948 1255 985 Annal.
1286 948 1380 996 phil.

46 1007 92 1043 01.
165 1006 270 1056 quod
300 1019 336 1044 v.
362 1007 445 1044 475
473 1006 610 1043 Melan
635 1006 750 1053 edidi,
781 1018 859 1043 non
883 1006 959 1043 feei
985 1006 1089 1056 quod
1114 1006 1381 1055 ignoraverim

47 1064 186 1103 fluvios
225 1076 269 1102 eo
307 1064 465 1102 nomine
505 1065 620 1101 notos
652 1065 815 1102 Melana
851 1064 979 1102 faeere
1018 1066 1204 1114 quartum
1236 1076 1381 1112 casum⁷

45 1124 115 1160 aut
150 1123 373 1172 putaverim
405 1123 553 1160 Melam
577 1123 717 1163 ‘facere
748 1123 940 1171 potuisse,
979 1124 1024 1160 ut
1055 1122 1244 1172 quaedam
1278 1123 1383 1172 apud

45 1181 216 1218 Neuium
246 1190 262 1219 I
292 1195 328 1230 p.
363 1182 464 1229 339,
504 1180 572 1218 sed
608 1183 771 1230 propter
809 1181 1000 1219 librorum
1032 1181 1310 1219 auctoritatem
1343 1183 1383 1219 et

46 1252 121 1289 quo
160 1239 373 1288 amplietur
410 1251 537 1277 eausa.
691 1236 773 1277 709
812 1247 1011 1278 DEICERE
1046 1247 1242 1278 CAPTAM.
1314 1252 1381 1289 po-

46 1298 187 1336 sterior
221 1310 295 1336 vox
325 1298 470 1347 exigua
500 1297 691 1335 librorum
730 1297 806 1335 fide
837 1299 982 1336 utitur:
1020 1298 1197 1347 plerique
1230 1301 1381 1341 certam,

45 1358 91 1393 ut
122 1359 223 1394 certa
254 1353 313 1395 lex
330 1381 353 1385 -
371 1356 462 1394 Met.
484 1356 520 1392 V
541 1358 622 1394 531
645 1381 667 1385 -
686 1359 985 1394 monumentum
1016 1355 1116 1393 illud
1147 1356 1222 1394 dici
1249 1356 1381 1394 videa-

44 1417 120 1452 tur.
195 1415 336 1453 dez’cere
367 1417 428 1452 est
458 1426 579 1452 manu
604 1415 777 1452 occidere
804 1414 908 1464 apud
927 1414 1153 1463 Vergilium
1178 1416 1218 1451 et
1244 1413 1383 1452 Caesa?

46 1485 140 1521 rem,
173 1472 277 1522 quod
307 1473 422 1510 elicui
454 1484 501 1510 ex
532 1484 589 1521 eo,
621 1472 725 1521 quod
755 1472 848 1509 libri
872 1473 1032 1515 habent,
1064 1473 1197 1510 dicere.
1267 1485 1380 1521 syna-

45 1530 211 1578 loephen
241 1532 402 1568 tueatur
433 1530 628 1579 scriptura
658 1530 799 1568 codicis
830 1530 1042 1568 Bernensis
1067 1529 1162 1569 Hor.
1195 1532 1268 1569 sat.
1287 1531 1306 1568 1
1325 1531 1381 1568 VI

47 1589 98 1627 39
132 1589 291 1627 Deicere
321 1590 366 1627 de
395 1601 488 1627 saxo
520 1591 616 1627 cives
647 1592 714 1627 aut
745 1590 895 1627 tradere
927 1588 1092 1634 Cadm0;
1124 1590 1207 1627 eicit
1237 1591 1278 1626 et
1308 1591 1379 1627 rei-

45 1658 136 1690 cere,
169 1659 268 1696 quae
300 1647 403 1684 binis
434 1646 528 1684 locis
560 1646 765 1685 adnotavit
796 1647 937 1684 Munro
970 1646 1019 1684 ad
1051 1647 1164 1685 Lucr.
1196 1647 1257 1685 ΠΙ
1284 1648 1380 1686 877.

160 1701 267 1742 LIB.
288 1701 327 1743 V
347 1703 400 1743 21
435 1713 549 1744 PLUS
582 1713 710 1752 QUAM
742 1713 861 1744 DEUS
893 1713 1095 1744 ADVENA.
1168 1705 1262 1743 libri
1281 1708 1380 1753 quis-

43 1775 157 1811 quam
194 1765 286 1802 deus
326 1764 484 1802 advena.
557 1764 807 1813 hyperbaton
843 1764 951 1801 volui
989 1776 1092 1813 esse,
1138 1760 1246 1802 ‘deus
1289 1765 1379 1813 plus

44 1834 161 1872 quam
193 1817 370 1871 advena',
411 1822 472 1861 uti
501 1823 596 1870 plus
632 1834 748 1870 quam
786 1823 938 1860 solitum
975 1834 1070 1870 opus
1100 1822 1120 1860 I
1154 1823 1255 1872 170,
1285 1824 1380 1870 plus

43 1892 158 1927 quam
169 1892 245 1928 pro
257 1883 372 1930 parte
390 1880 474 1918 IIII
488 1882 591 1930 3013
618 1881 734 1919 Trist.
749 1881 785 1917 V
799 1889 829 1918 v
845 1882 909 1929 18,
930 1881 1073 1919 Lucan.
1089 1881 1108 1918 Ι
1124 1882 1160 1919 1.
1296 1879 1376 1919 131

42 1947 127 1977 Ans
153 1947 272 1977 ERAT
298 1947 419 1977 ILLA.
491 1939 517 1976 J
521 1939 657 1977 ordani
682 1941 723 1977 et
747 1939 914 1988 Hauptii
939 1937 1107 1979 Arserat
1132 1940 1293 1990 egregia
1318 1942 1379 1977 est

42 1997 281 2046 coniectura,
314 1998 398 2035 5013
427 1997 628 2045 fortassis,
668 2010 768 2047 quae
800 1998 912 2035 annis
943 1998 1081 2036 multis
1113 1998 1229 2035 huius
1259 2000 1377 2036 notae

41 2055 147 2093 facta
190 2056 258 2094 sit:
308 2068 442 2094 veram
485 2058 616 2094 tamen
660 2057 900 2106 negaverim.
971 2057 1121 2104 quidem
1168 2068 1218 2094 ne
1260 2057 1377 2105 plane

42 2114 280 2163 superfluat,
319 2127 366 2152 ex
398 2115 580 2164 oppositu
610 2114 914 2166 intelligendum
945 2115 1038 2164 erit,
1077 2115 1144 2164 qui
1175 2117 1236 2152 est
1268 2115 1375 2164 sigil-

41 2172 170 2209 lorum
207 2173 354 2211 affabre
392 2173 486 2211 olim
523 2174 719 2212 factorum
757 2175 796 2211 et
828 2175 1005 2222 tempore
1036 2173 1261 2222 adesorum,
1298 2186 1377 2211 non

41 2242 132 2268 arae
172 2231 333 2281 eiusque
377 2232 646 2282 reliquiarum.
721 2243 813 2269 saxo
857 2231 1050 2281 quadrato
1090 2244 1169 2270 non
1205 2233 1376 2270 multum

41 2291 199 2327 senecta
234 2291 364 2328 nocet:
404 2291 518 2341 signa
555 2291 725 2340 gemella
761 2290 929 2328 maxime
968 2290 1217 2341 quaesiverat
1246 2292 1374 2340 poeta,
