1570 2527
128 141 147 179 1
157 140 209 179 72
673 140 737 171 EX
761 138 917 171 PONTO

179 257 222 288 85
243 248 303 287 Ire
337 248 445 287 iubet
475 247 636 298 Pylades
670 259 803 285 carum
835 248 1035 298 periturus
1067 246 1256 285 Oresten:

303 307 373 345 Hic
406 312 543 356 negat:
588 307 706 356 inque
739 306 842 344 vices
874 310 1021 356 pugnat
1052 310 1219 355 uterque
1251 306 1373 343 mori.

243 366 381 404 Extitit
412 364 485 402 hoc
518 376 639 402 unum
659 395 669 414 ,
702 376 778 414 quo
811 375 888 402 non
921 365 1147 402 convenerit
1177 362 1280 401 illis:
1400 371 1458 404 (83)

303 423 440 461 Cetera
472 434 541 473 par
574 434 738 460 concors
771 428 808 460 et
841 423 924 460 sine
957 422 1024 460 lite
1057 422 1152 460 fuit.

243 482 342 520 Dum
374 486 566 531 peragunt
596 482 756 518 iuvenes
789 479 942 530 pulchri
975 485 1172 518 certamen
1204 481 1369 532 amoris,

181 549 224 579 90
304 539 359 577 Ad
393 540 554 577 fratrem
587 540 752 589 scriptas
784 544 916 576 exarat
947 537 1010 576 illa
1042 542 1177 577 notas.

243 598 298 636 Ad
332 598 493 636 fratrem
526 597 703 635 mandata
735 596 871 635 dabat:
917 598 1058 646 cuique
1090 595 1154 634 illa
1185 596 1400 648 dabantur,

305 655 503 694 Humanos
537 667 650 694 casus
682 654 840 706 aspice!
873 655 993 693 frater
1026 659 1130 693 erat.

243 714 323 753 Nec
356 726 492 765 mora,
524 713 571 752 de
604 713 747 764 templo
780 714 938 764 rapiunt
971 713 1175 751 simulacra
1207 713 1374 764 Dianae,

304 773 488 823 Clamque
520 784 591 823 per
623 774 818 810 inmensas
850 784 980 822 puppe
1013 772 1194 810 feruntur
1226 783 1368 822 aquas.

183 840 225 871 95
247 831 370 870 Mirus
403 843 510 869 amor
542 832 754 880 iuvenum,
789 831 962 880 quamvis
995 829 1124 868 abiere
1156 835 1215 868 tot
1246 832 1359 877 anni,

303 890 346 928 In
380 889 536 939 Scythia
570 900 751 939 magnum
789 900 894 926 nunc
932 900 1088 938 quoque
1130 900 1273 926 nomen
1304 884 1461 927 habet.²

245 947 389 986 Fabula
422 953 575 986 narrata
608 953 667 985 est
698 952 904 997 postquam
936 946 1105 995 vulgaris
1137 946 1182 984 ab
1215 946 1303 998 illo,

305 1006 531 1044 Laudarunt
563 1017 698 1043 omnes
730 1005 830 1043 facta
861 1006 1042 1055 piamque
1075 1004 1213 1043 fidem.

248 1064 404 1102 Scilicet
436 1064 507 1102 hac
540 1065 684 1115 etiam,
717 1075 791 1113 qua
824 1063 927 1101 nulla
960 1063 1129 1101 ferocior
1161 1075 1227 1101 ora
1260 1069 1342 1115 est,

161 1132 225 1162 100
306 1122 454 1161 Nomen
488 1123 677 1160 amicitiae
710 1121 873 1159 barbara
906 1121 1023 1159 corda
1056 1127 1207 1159 movet.

248 1181 348 1226 Quid
381 1181 508 1218 facere
541 1181 711 1218 Ausonia
743 1180 864 1230 geniti
896 1179 1046 1217 debetis
1078 1180 1118 1217 in
1152 1178 1279 1231 Urbe,

307 1239 401 1277 Cum
436 1244 595 1288 tangant
626 1238 731 1275 diros
763 1237 851 1276 talia
884 1238 982 1276 sacta
1015 1235 1165 1276 Getas?

247 1297 353 1334 Adde
373 1328 383 1346 ,
416 1296 519 1346 quod
552 1302 612 1334 est
643 1297 795 1334 animus
828 1307 983 1346 semper
1014 1295 1086 1334 tibi
1116 1297 1222 1334 mitis
1241 1326 1252 1347 ,
1295 1301 1334 1334 et
1366 1295 1462 1335 altae

306 1355 498 1392 Iudicium
530 1366 659 1392 mores
691 1353 903 1392 nobilitatis
936 1353 1101 1401 habent,

161 1422 225 1453 105
248 1413 353 1458 Quos
388 1412 548 1451 Volesus
581 1414 697 1463 patrii
729 1418 938 1462 cognoscat
968 1414 1136 1450 nominis
1169 1417 1326 1463 auctor,

308 1471 414 1516 Quos
446 1471 571 1509 Numa
603 1477 803 1509 maternus
836 1482 913 1508 non
946 1476 1061 1520 neget
1093 1482 1179 1509 esse
1213 1482 1327 1522 suos,

248 1530 476 1580 Adiectique
509 1529 677 1580 probent
709 1530 884 1580 genetiva
917 1529 961 1566 ad
995 1530 1151 1567 nomina
1183 1528 1339 1580 Cottae,

308 1588 348 1626 Si
380 1593 422 1626 tu
454 1599 531 1625 non
565 1600 699 1639 esses,
733 1589 940 1625 interitura
973 1586 1133 1625 domus.

247 1646 368 1697 Digne
401 1647 459 1684 vir
490 1646 561 1684 hac
594 1647 724 1696 serie,
756 1645 863 1695 lapso
897 1657 1130 1684 succurrere
1163 1646 1286 1684 amico
1407 1654 1464 1686 (84)

162 1713 226 1744 110
307 1703 550 1742 Conveniens
582 1705 668 1742 istis
700 1703 875 1742 moribus
908 1715 993 1742 esse
1024 1703 1141 1754 puta!

757 1831 838 1878 ΙΠ.

251 1936 292 1975 Si
323 1942 432 1975 vacat
463 1938 646 1987 exiguum
678 1936 843 1987 profugo
877 1935 967 1974 dare
1002 1940 1157 1986 tempus
1189 1937 1335 1983 amico,

307 1994 338 2033 Ο
372 1995 479 2033 sidus
512 1994 681 2045 Fabiae,
714 1993 906 2045 Maxime,
939 1996 1095 2045 gentis,
1128 1994 1242 2045 ades,

247 2053 346 2091 Dum
379 2052 450 2091 tibi
482 2065 580 2104 quae
613 2053 719 2103 vidi,
753 2053 910 2091 refero:
949 2064 1019 2090 seu
1052 2054 1227 2103 corporis
1261 2051 1421 2104 umbra,

308 2111 385 2149 Seu
418 2113 500 2149 veri
532 2113 713 2162 species,
747 2122 815 2149 seu
848 2111 921 2149 suit
952 2110 1015 2148 ille
1048 2123 1189 2161 sopor.

208 2178 227 2207 5
249 2168 331 2206 Nox
365 2175 448 2207 erat
480 2175 519 2208 et
550 2169 697 2207 bifores
729 2168 898 2207 intrabat
928 2168 1019 2206 luna
1051 2169 1266 2220 fenestras,

308 2226 439 2265 Mense
474 2228 554 2266 fere
589 2227 715 2265 medio
749 2232 891 2277 quanta
922 2228 1048 2265 nitere
1082 2226 1202 2265 solet.

250 2284 411 2323 Publica
443 2298 504 2324 me
538 2287 696 2336 requies
730 2297 913 2324 curarum
946 2297 1105 2323 somnus
1137 2284 1325 2336 habebat,

309 2342 490 2394 Fusaque
524 2349 635 2382 erant
667 2349 748 2382 toto
780 2343 962 2395 languida
994 2342 1168 2382 membra
1200 2349 1311 2382 toro:
