1570 2527
125 143 210 184 224
662 142 922 175 FASToRUM

244 253 351 299 Quae
385 252 503 291 semel
537 257 596 290 est
627 251 772 302 triplici
803 264 873 302 pro
907 253 1055 302 virgine
1088 263 1198 291 caesa
1230 251 1371 291 Dianae
1391 282 1402 304 ,

302 312 413 349 Nunc
447 322 602 361 quoque
635 322 704 361 pro
738 309 841 348 nulla
873 311 1022 361 virgine
1055 322 1167 349 cerva
1200 310 1324 349 cadit.

242 369 340 408 Exta
373 381 512 407 canum
545 368 622 406 vidi
654 368 805 406 Triviae
838 368 957 407 libare
992 368 1184 421 Sapaeos,

156 437 224 467 390
303 428 352 466 Et
384 421 621 478 quicumqu‘e
654 433 740 465 tuas
773 427 939 478 accolit,
972 427 1145 478 Haeme,
1178 429 1312 466 nives.

245 486 427 524 Caeditur
459 491 498 524 et
530 485 654 536 rigido
688 485 841 524 custodi
873 486 977 524 ruris
1011 485 1179 537 asellus3

303 544 425 583 Causa
458 544 637 595 pudenda
671 543 827 594 quidem
847 574 858 594 ‚
891 544 959 582 sed
992 549 1119 582 tamen
1152 549 1238 595 apta
1271 544 1367 583 deo.

244 603 358 642 Festa
391 602 641 653 corymbiferi
674 602 897 640 celebrabas
929 601 1089 641 Graecia
1120 602 1284 655 Bacchi,

304 661 435 700 Tertia
469 673 567 712 quae
600 660 713 699 solito
746 666 921 711 tempore
953 660 1092 699 bruma
1124 661 1267 701 refert.

157 728 224 759 395
244 720 289 758 Di
323 732 478 771 quoque
511 719 683 758 cultores
714 721 754 757 in
786 719 889 757 idem
923 731 1063 758 venere
1094 719 1233 771 Lyaei,

304 778 354 816 Et
386 781 623 830 quicumque
655 779 751 816 iocis
784 790 861 816 non
893 778 1042 817 alienus
1075 784 1180 818 erat:

248 837 372 875 Panes
406 844 444 875 et
475 839 514 875 in
551 836 738 875 Venerem
771 842 991 887 satyrorum
1023 849 1146 887 prona
1177 838 1382 887 iuventus,

305 896 490 946 Quaeque
524 895 656 934 colunt
689 907 820 933 amnes
854 895 1011 946 solaque
1043 907 1136 934 rura
1169 895 1284 934 (leae.

247 953 414 992 Venerat
447 961 484 992 et
517 955 648 992 senior
680 953 805 1004 pando
840 953 994 992 Silenus
1027 953 1168 1006 asello,

155 1021 224 1051 400
304 1012 455 1063 Quique
489 1012 609 1051 ruber
640 1012 796 1062 pavidas
828 1014 986 1062 inguine
1018 1017 1142 1051 terret
1173 1024 1285 1052 aves.

245 1071 378 1110 Dulcia
412 1073 479 1121 qui
511 1071 671 1121 dignum
703 1083 841 1108 nemus
873 1072 913 1108 in
946 1072 1119 1109 convivia
1150 1072 1255 1109 nacti

303 1130 483 1168 Gramine
518 1130 665 1167 vestitis
698 1128 917 1167 accubuere
951 1130 1068 1167 toris.

246 1188 339 1226 Vina
372 1188 485 1226 dabat
517 1187 663 1238 Liber,
697 1187 839 1226 tulerat
870 1186 944 1225 sibi
977 1189 1144 1238 quisque
1176 1184 1382 1239 coronam,

303 1246 522 1284 Miscendas
554 1245 657 1295 large
691 1247 796 1283 rivus
829 1245 966 1296 agebat
997 1258 1141 1296 aquas.

157 1313 223 1344 405
245 1305 386 1343 Naides
420 1305 552 1342 effusis
585 1303 681 1341 aliae
715 1305 798 1342 sine
830 1305 996 1354 pectinis
1029 1317 1126 1356 usu,

303 1362 397 1401 Pars
430 1362 590 1401 aderant
620 1363 758 1413 positis
791 1368 872 1400 arte
905 1374 1099 1413 manuque
1132 1364 1276 1402 comis.

244 1421 310 1460 Illa
343 1433 461 1472 super
494 1433 606 1459 suras
638 1422 808 1459 tunicam
841 1420 1001 1459 collecta
1034 1422 1250 1472 ministrat,

303 1480 433 1518 Altera
467 1479 616 1522 dissuto
650 1484 787 1530 pectus
815 1485 946 1530 aperta
980 1481 1091 1518 sInu.

245 1538 379 1576 Exerit
410 1538 505 1576 haec
539 1549 718 1576 umerum
737 1569 747 1589 ,
781 1543 927 1575 vestem
959 1537 1077 1576 trahit
1107 1537 1169 1576 illa
1198 1549 1269 1589 per
1300 1536 1461 1589 herbas,

158 1605 224 1636 410
304 1597 527 1647 Impediunt
558 1601 715 1635 teneros
748 1596 899 1634 vincula
932 1596 1034 1634 nulla
1067 1596 1209 1647 pedes.

246 1655 345 1693 Hinc
379 1655 473 1693 aliae
506 1656 646 1706 satyris
678 1654 856 1693 incendia
888 1656 995 1692 mitia
1027 1654 1239 1708 praebent3

304 1714 399 1752 Pars
432 1713 531 1765 tibi,
564 1715 630 1763 qui
662 1715 757 1763 pinu
790 1719 964 1763 tempora
997 1725 1094 1752 nexa
1125 1715 1255 1764 geris.

247 1771 300 1810 Te
334 1784 488 1822 quoque
509 1803 519 1822 ‚
551 1773 786 1809 inextinctae
820 1771 949 1809 Silene
983 1771 1183 1824 libidinis,
1215 1777 1356 1811 urunt:

305 1830 487 1880 Nequitia
520 1835 607 1880 est,
640 1841 737 1879 quae
770 1835 807 1867 te
841 1841 917 1867 non
951 1831 1043 1868 sinit
1074 1842 1158 1868 esse
1192 1842 1347 1868 senem.

159 1895 225 1927 415
248 1888 296 1927 At
328 1888 477 1940 ruber,
509 1887 714 1926 hortorum
747 1887 866 1925 decus
899 1893 938 1925 et
971 1887 1118 1939 tutela,
1150 1888 1340 1939 Priapus,

305 1946 494 1985 Omnibus
529 1958 575 1984 ex
607 1945 681 1984 illis
714 1945 849 1984 Lotide
883 1952 1017 1997 captus
1050 1952 1155 1986 erat.

247 2004 355 2043 Hanc
388 2006 525 2056 cupit,
558 2004 656 2042 hanc
689 2010 823 2056 optat,
857 2004 936 2042 sola
969 2006 1139 2055 suspirat
1169 2007 1210 2044 in
1241 2004 1326 2057 illa,

306 2064 499 2114 Signaque
533 2063 596 2101 dat
630 2068 756 2114 nutu,
789 2062 1044 2113 sollicitatque
1078 2065 1202 2103 notis.

247 2122 385 2160 Fastus
418 2123 520 2161 inest
547 2121 747 2172 pulchris,
780 2123 1036 2172 sequiturque
1064 2121 1247 2173 superbia
1278 2122 1460 2161 formam:

158 2189 225 2219 420
304 2180 467 2218 Irrisum
500 2179 604 2218 voltu
637 2179 803 2230 despicit
833 2179 896 2218 illa
927 2191 1020 2218 suo.

246 2238 329 2276 Nox
363 2244 473 2290 erat,
506 2244 545 2277 et
577 2239 664 2276 vino
697 2250 876 2276 somnum
908 2239 1073 2276 faciente
1105 2238 1282 2277 iacebant

307 2296 478 2347 Corpora
511 2296 675 2335 divers1s
708 2298 806 2336 victa
838 2308 977 2347 sopore
1011 2296 1125 2335 locis.

247 2354 354 2393 Lotis
386 2356 425 2393 in
457 2354 623 2393 herbosa
656 2354 728 2393 sub
761 2356 911 2394 acernis
944 2354 1077 2393 ultima
1110 2356 1250 2403 ramis,
