1570 2527
713 98 939 130 TRISTIUM

276 207 325 246 Et
356 208 499 246 tacitus
532 218 695 258 secum,
728 218 776 244 ne
810 207 896 256 quis
929 205 1052 244 malus
1085 205 1243 257 audiat,
1275 210 1407 258 optet,

209 274 253 305 30
275 265 335 304 Sit
366 277 450 304 mea
483 265 601 303 lenito
635 264 798 303 Caesare
832 276 956 314 poena
987 264 1104 303 levis:

274 323 352 362 Nos
384 335 539 374 quoque
558 353 569 374 ‚
603 324 780 373 quisquis
812 324 915 373 erit,
947 334 996 361 ne
1035 323 1085 361 sit
1113 323 1232 361 miser
1263 323 1346 373 ipse
1365 353 1376 375 ,
1407 334 1494 373 pre-

847 392 1004 431 camur,

277 439 452 478 Placatos
485 440 627 476 misero
661 440 727 489 qui
758 438 861 476 volet
892 451 977 477 esse
1005 438 1120 477 deos.

278 498 463 548 Quaeque
496 496 628 548 volet,
660 502 742 535 rata
773 498 852 534 sint
870 527 880 547 ‚
913 496 1115 546 ablataque
1146 497 1335 548 principis
1366 498 1424 535 ira

279 555 446 594 Sedibus
477 556 517 593 in
549 556 684 605 patriis
718 554 783 592 det
813 554 908 592 mihi
938 565 1053 604 posse
1086 553 1206 593 mori!

213 622 256 653 35
278 614 327 652 Ut
359 625 520 664 peragas
553 612 729 651 mandata
749 643 760 663 ‚
791 611 890 650 liber
910 643 920 663 ‚
952 611 1160 662 culpabere
1192 612 1324 650 forsan

278 671 508 722 Ingeniique
540 672 668 709 minor
700 669 813 709 laude
846 671 974 709 ferere
1005 672 1102 709 mei.

277 730 421 768 Iudicis
455 729 626 768 officium
660 734 749 780 est,
781 734 824 767 ut
855 740 919 767 res
939 759 950 781 ‚
980 730 1034 767 ita
1065 734 1242 779 tempora
1272 740 1407 767 rerum

279 788 477 834 Quaerere
500 819 508 826 .
554 788 730 838 quaesito
762 792 938 837 tempore
971 792 1080 825 tutus
1113 788 1214 825 eris.

278 846 457 885 Carmina
489 847 725 897 proveniunt
756 846 883 883 animo
917 844 1082 883 deducta
1114 856 1278 884 sereno:

212 913 256 944 40
277 904 415 942 Nubila
448 910 540 942 sunt
572 903 710 942 subitis
743 909 918 953 tempora
950 908 1083 941 nostra
1115 902 1247 941 malis.

279 962 458 1001 Carmina
491 974 690 1000 secessum
723 961 931 1000 scribentis
965 966 1003 999 et
1034 962 1111 999 otia
1144 966 1362 1011 quaerunt:

277 1021 337 1059 Me
370 1032 475 1059 mare
496 1051 506 1071 ,
538 1032 599 1058 me
632 1021 766 1071 venti,
798 1032 860 1058 me
893 1020 974 1058 fera
1005 1020 1122 1058 iactat
1152 1019 1300 1057 hiems.

279 1078 526 1117 Carminibus
558 1083 685 1116 metus
718 1079 843 1116 omnis
876 1077 1016 1116 obest:
1049 1089 1119 1128 ego
1152 1077 1329 1127 perditus
1362 1089 1496 1117 ensem

277 1136 496 1175 Haesurum
530 1136 662 1186 iugulo
695 1138 769 1174 iam
802 1141 896 1186 puto
929 1137 1083 1186 iamque
1116 1147 1225 1174 me0.

214 1204 257 1233 45
279 1195 382 1233 Haec
416 1207 571 1245 quoque
605 1194 707 1245 quod
740 1195 838 1232 facio
857 1224 868 1245 ‚
900 1194 1014 1232 iudex
1045 1193 1251 1232 mirabitur
1283 1205 1454 1246 aequus,

279 1251 510 1304 Scriptaque
544 1264 632 1291 cum
665 1254 775 1291 venia
808 1252 1104 1302 qualiacumque
1135 1252 1260 1302 leget.

280 1311 333 1349 Da
366 1311 459 1349 mihi
491 1311 718 1349 Maeoniden
753 1316 791 1349 et
822 1315 880 1348 tot
906 1311 1115 1349 circumice
1149 1322 1285 1362 casus,

279 1369 481 1419 Ingenium
513 1370 632 1407 tantis
665 1367 816 1407 excidet
848 1380 962 1406 omne
988 1368 1109 1407 malis.

278 1428 454 1477 Denique
487 1438 652 1465 securus
684 1427 806 1465 famae
827 1457 837 1477 ,
869 1426 995 1478 liber,
1026 1428 1083 1464 ire
1116 1432 1336 1479 memento,

215 1494 259 1525 50
279 1485 359 1524 Nec
392 1485 462 1524 tibi
494 1486 545 1523 sit
575 1484 676 1524 lecto
710 1484 955 1535 displicuisse
988 1484 1136 1535 pudor.

278 1544 363 1582 Non
396 1545 448 1581 ita
481 1555 522 1581 se
554 1542 715 1594 praebet
746 1542 858 1581 nobis
891 1543 1048 1581 fortuna
1079 1542 1315 1595 secundam,

280 1602 329 1640 Ut
361 1600 431 1639 tibi
462 1602 513 1640 sit
545 1602 642 1639 ratio
675 1600 799 1639 laudis
831 1600 1007 1639 habenda
1039 1606 1150 1640 tuae.

278 1660 409 1698 Donec
443 1671 547 1697 eram
581 1671 745 1710 sospes,
778 1659 881 1697 tituli
913 1658 1098 1709 tangebar
1130 1670 1284 1710 amore,

280 1717 580 1767 Quaerendique
613 1717 708 1755 mihi
739 1718 907 1755 nominis
939 1716 1055 1754 ardor
1086 1722 1191 1755 erat.

214 1784 258 1814 55
281 1775 459 1815 Carmina
485 1787 589 1814 nunc
616 1776 649 1813 si
676 1787 753 1813 non
780 1774 1031 1825 studiumque
1051 1806 1061 1825 ,
1095 1774 1198 1825 quod
1225 1773 1351 1814 obfuit
1371 1805 1382 1826 ‚
1408 1774 1496 1827 odi,

281 1834 339 1872 Sit
371 1835 492 1872 satis.
537 1834 692 1884 ingenio
725 1834 780 1871 sic
807 1833 896 1884 fuga
927 1838 1037 1883 parta
1069 1845 1178 1871 meo.

279 1892 338 1931 Tu
371 1896 500 1930 tamen
532 1892 545 1929 i
576 1903 647 1942 pro
680 1903 740 1929 me
760 1922 772 1944 ,
804 1896 844 1929 tu
866 1922 876 1942 ‚
909 1892 972 1929 cui
1003 1891 1124 1942 licet,
1156 1893 1284 1942 aspice
1311 1891 1496 1931 Romam!

279 1950 325 1989 Di
357 1950 531 1989 facerent
550 1980 560 2000 ,
591 1961 746 2000 possem
778 1961 882 1988 nunc
915 1961 1025 1988 meus
1058 1961 1143 1988 esse
1174 1949 1296 1989 liber!

278 2008 358 2047 Nec
391 2014 455 2059 te,
489 2007 592 2059 quod
620 2009 751 2046 venias
782 2019 959 2057 magnam
991 2009 1224 2059 peregrinus
1255 2009 1295 2047 in
1327 2007 1496 2059 Urbem,

215 2076 258 2106 60
279 2066 458 2117 Ignotum
491 2066 634 2117 populo
666 2078 781 2117 posse
812 2067 944 2104 venire
976 2072 1090 2117 puta.

279 2125 329 2163 Ut
360 2124 473 2163 titulo
507 2136 668 2176 careas,
699 2126 783 2175 ipso
816 2136 979 2163 noscere
1012 2124 1162 2164 colore:

279 2182 531 2222 Dissimulare
565 2183 658 2221 velis
677 2214 688 2235 ‚
720 2188 758 2221 te
789 2182 912 2234 liquet
945 2194 1030 2221 esse
1062 2193 1214 2221 meum.

281 2240 386 2279 Clam
419 2247 547 2279 tamen
579 2243 722 2279 intrato
743 2273 753 2292 ,
785 2253 833 2279 ne
865 2247 903 2280 te
936 2253 1021 2279 mea
1054 2242 1224 2279 carmina
1256 2239 1430 2280 laedant.

279 2298 364 2338 Non
398 2304 520 2351 sunt,
551 2304 595 2338 ut
627 2299 850 2352 quondam,
882 2298 995 2350 plena
1027 2299 1167 2337 favoris
1186 2329 1196 2347 ,
1230 2304 1361 2337 erant.
