1570 2527
220 138 272 179 27
279 138 303 180 8
759 138 1012 171 FASTORUM

337 247 500 297 Saepius
531 247 692 285 instanti
723 243 925 286 ‘mandata
956 248 1178 298 peregimus
1197 243 1229 300 ‚⁹
1261 248 1389 298 inquit

395 302 568 344 ‘Evictas
600 304 782 356 precibus
814 307 874 344 vix
906 305 1012 344 dedit
1043 305 1106 345 illa
1137 303 1317 345 manus.'

337 363 469 402 Credit
500 375 631 402 amans
651 395 661 415 ,
693 363 958 415 thalamosque
990 370 1126 414 parat.
1183 364 1389 404 deducitur
1421 364 1512 405 illuc

249 430 316 461 690
395 422 504 460 Anna
538 428 671 473 tegens
703 422 828 461 voltus
847 454 857 474 ‚
890 428 932 461 ut
963 434 1060 461 nova
1093 428 1241 475 nupta,
1273 435 1388 462 suos,

337 479 478 518 Oscula
511 486 738 530 sumpturus
772 480 899 519 subito
933 480 1034 519 Mars
1066 482 1204 531 aspicit
1234 481 1405 520 Annam.

393 538 505 577 Nunc
537 539 662 589 pudor
695 539 875 590 elusum,
907 551 1011 577 nunc
1043 538 1148 578 subit
1178 540 1236 577 ira
1267 539 1406 579 deum:

336 595 449 635 Ridet
480 603 691 635 amatorem
711 629 720 647 ‚
753 609 840 635 cara
873 602 932 635 est
962 609 1060 636 nova
1091 597 1177 636 diva
1208 597 1424 650 Minervae,

393 655 474 694 Nec
505 667 569 694 res
601 655 672 693 hac
704 654 844 693 Veneri
876 657 1022 705 gratior
1054 655 1130 694 ulla
1161 656 1257 694 fuit.

249 721 315 753 695
336 712 428 752 Inde
460 715 537 752 ioci
568 720 720 752 veteres
752 713 996 764 obscenaque
1029 714 1130 752 dicta
1162 720 1378 766 canuntur,

393 771 442 810 Et
472 773 577 810 iuvat
607 772 705 810 hanc
737 784 875 822 magno
908 772 1024 810 verba
1056 772 1208 811 dedisse
1241 773 1335 811 deo.

334 829 626 869 Praeteriturus
659 842 763 869 eram
796 830 942 880 gladios
973 832 1013 868 in
1045 831 1220 882 principe
1252 831 1371 882 fixos,

394 888 489 927 Cum
524 890 579 927 sic
611 901 632 926 a
664 890 780 927 castis
813 888 926 927 Vesta
957 889 1084 928 locuta
1117 889 1237 928 focis:

336 943 412 985 ‘Ne
445 946 578 985 dubita
610 946 861 985 meminisse!
905 959 1014 985 meus
1046 947 1121 985 fuit
1150 946 1213 985 ille
1247 947 1450 986 sacerdos.

248 1012 315 1044 700
395 1004 611 1055 Sacrilegae
643 1005 729 1043 telis
762 1017 823 1043 me
855 1006 1003 1055 petiere
1036 1017 1194 1044 manus.

334 1062 420 1114 Ipsa
452 1064 578 1101 virum
610 1065 750 1115 rapui,
783 1063 1065 1114 simulacraque
1097 1063 1201 1101 nuda
1232 1063 1396 1115 reliqui.

395 1121 500 1167 Quae
533 1121 673 1159 cecidit
706 1122 809 1159 ferro
829 1152 839 1171 ‚
872 1120 1047 1159 Caesaris
1079 1121 1216 1160 umbra
1248 1119 1365 1162 suit.'

335 1179 401 1217 Ille
435 1179 592 1230 quidem
624 1179 729 1217 caelo
762 1180 913 1229 positus
945 1179 1044 1217 lovis
1076 1181 1173 1218 atria
1204 1180 1322 1232 vidit,

393 1236 442 1276 Et
474 1243 581 1276 tenet
611 1239 650 1275 in
683 1249 820 1287 magno
852 1237 994 1288 templa
1027 1237 1150 1276 dicata
1182 1238 1290 1277 foro.

248 1303 313 1334 705
335 1296 382 1333 At
414 1296 650 1346 quicumque
682 1296 790 1334 nefas
822 1297 934 1346 ausi,
965 1295 1196 1346 prohibente
1228 1296 1392 1336 deorum

393 1353 559 1392 Numine
579 1384 589 1404 ,
622 1353 841 1404 polluerant
870 1354 1089 1404 pontificale
1122 1360 1260 1405 caput,

335 1411 458 1450 Morte
490 1414 616 1450 iacent
648 1413 814 1450 merita.
871 1417 990 1450 testes
1023 1418 1147 1451 estote
1179 1413 1370 1465 Philippi,

392 1469 441 1508 Et
474 1482 640 1520 quorum
673 1471 818 1521 sparsis
851 1470 1004 1509 ossibus
1037 1470 1140 1509 albet
1172 1471 1337 1510 humus.

335 1527 416 1566 Hoc
449 1541 546 1579 opus
562 1560 572 1580 ,
605 1529 698 1567 haec
724 1530 848 1579 pietas
864 1560 874 1580 ,
900 1528 995 1567 haec
1021 1530 1146 1579 prima
1171 1529 1363 1568 elementa
1388 1530 1548 1570 fuerunt

247 1594 313 1626 710
393 1586 596 1638 Caesaris,
629 1586 765 1626 ulcisci
796 1588 897 1626 iusta
929 1599 1000 1638 per
1031 1599 1136 1626 arma
1167 1594 1339 1639 patrem.

795 1678 857 1719 16.
892 1675 977 1719 CF

334 1760 493 1799 Postera
526 1772 614 1798 cum
646 1766 801 1798 teneras
833 1773 972 1798 aurora
1004 1761 1186 1800 refecerit
1217 1761 1381 1813 herbas,

397 1818 579 1868 Scorpios
612 1830 631 1856 a
663 1820 788 1868 prima
819 1825 928 1868 parte
962 1818 1149 1857 videndus
1182 1820 1278 1858 erit.

671 1909 735 1950 17.
767 1908 805 1950 D
838 1907 1035 1950 LIB-N2

337 1992 467 2030 Tertia
499 1998 587 2043 post
618 1992 709 2031 idus
741 1992 805 2031 lux
838 1999 897 2031 est
929 1992 1182 2031 celeberrima
1213 1992 1388 2033 Baccho.

395 2050 545 2089 Bacche
565 2082 575 2102 ‚
608 2051 689 2088 save
722 2053 826 2102 vati,
859 2051 951 2089 dum
984 2056 1050 2090 tua
1081 2051 1178 2090 festa
1210 2063 1328 2090 cano.

252 2116 318 2148 715
339 2108 418 2147 Nec
450 2109 617 2147 reseram
651 2109 858 2161 Semelen,
891 2109 936 2147 ad
969 2121 1084 2161 quam
1115 2111 1191 2148 nisi
1222 2109 1382 2148 fulmina
1414 2121 1547 2149 secum

397 2166 569 2218 luppiter
602 2167 800 2219 adferret,
833 2169 983 2206 sarcina
1014 2169 1148 2206 matris
1181 2179 1290 2219 eras3

337 2224 415 2263 Nec
435 2256 445 2276 ‚
477 2237 575 2276 puer
607 2232 650 2264 ut
681 2238 817 2277 posses
848 2232 998 2265 maturo
1030 2233 1205 2277 tempore
1237 2228 1366 2278 nasci,

396 2282 603 2333 Expletum
635 2286 759 2334 patrio
792 2297 955 2335 corpore
986 2286 1121 2323 matris
1153 2296 1272 2335 opus.

340 2340 520 2380 Sithonas
553 2349 590 2381 et
624 2342 825 2394 Scythicos
858 2343 1015 2394 longum
1047 2349 1106 2382 est
1140 2355 1298 2382 narrare
1330 2343 1546 2385 triumphos
