1570 2527
592 141 655 174 m.
683 143 879 175 ele—686.
1317 139 1401 181 277

242 248 438 287 Sustinuit
469 249 606 288 tacitas
639 250 820 288 conscius
853 250 976 288 amnis
1009 261 1151 302 aquas,

179 305 266 358 Ipsa
297 306 404 358 loqui
434 308 516 346 visa
549 312 609 346 est
641 303 804 358 eplacidi
831 320 917 347 sum
949 308 1116 360 nympha
1148 307 1326 349 Numici:

238 366 361 404 Amne
394 377 567 416 perenne
599 364 724 405 latens
754 366 865 405 Anna
896 366 1075 405 Perenna
1106 364 1266 406 vocor.'

91 431 159 464 655
178 423 365 463 Protinus
397 425 537 463 erratis
568 424 660 463 laeti
691 431 905 464 vescuntur
937 426 978 464 in
1010 426 1138 478 agris,

238 482 289 522 Et
320 482 520 522 celebrant
551 482 657 534 largo
690 495 853 535 remque
886 483 1070 535 diemque
1102 496 1233 523 mero.

181 541 282 580 Sunt
313 540 458 592 quibus
490 541 585 581 haec
617 541 728 581 Luna
760 548 848 595 est,
890 544 980 594 quia
1012 542 1213 582 mensibus
1245 542 1404 594 impleat

909 613 1076 653 annum3

237 657 334 697 Pars
365 658 532 698 Themin
551 690 563 712 ‚
594 659 789 698 Inachiam
820 671 912 710 pars
942 665 1055 710 putat
1087 671 1172 699 esse
1204 659 1368 700 bovem.

177 716 385 770 Invenies,
418 719 485 768 qui
518 724 554 756 te
587 717 784 769 nymphen
816 718 1009 757 Atlantida
1042 717 1196 771 dicant,

91 783 159 815 660
238 775 372 826 Teque
405 775 485 814 Iovi
517 777 693 828 primos,
726 777 864 828 Anna,
897 777 1051 815 dedisse
1085 776 1217 816 cibos.

178 832 282 872 Haec
316 846 473 885 quoque
492 865 504 886 ,
536 846 652 886 quain
684 834 852 874 referam
871 867 881 887 ,
913 841 1068 874 nostras
1099 837 1279 886 pervenit
1311 836 1357 875 ad

908 906 1022 932 aures

234 949 380 998 Fama,
412 962 485 989 nec
517 962 538 989 a
569 952 652 989 veri
684 950 848 990 dissidet
878 951 942 990 illa
974 951 1074 992 fide.

177 1007 295 1048 Plebs
329 1015 440 1048 vetus
472 1015 512 1048 et
543 1009 661 1048 nullis
694 1011 906 1049 etiamtunc
938 1016 1022 1049 tuta
1055 1009 1224 1050 tribunis

235 1066 380 1119 Fugit,
413 1074 452 1107 et
483 1069 522 1106 in
557 1067 668 1106 Sacri
699 1070 845 1107 vertice
878 1071 1021 1108 montis
1055 1076 1164 1120 eget.

89 1134 157 1166 665
178 1124 256 1164 Iam
291 1138 446 1177 quoque
465 1157 476 1178 ‚
510 1139 627 1177 quem
659 1139 793 1165 secum
826 1126 1026 1180 tulerant,
1056 1128 1253 1168 defecerat
1284 1127 1370 1168 illos

236 1183 371 1223 Victus
403 1191 443 1223 et
474 1185 653 1224 humanis
685 1185 823 1224 usibus
856 1193 942 1237 apta
975 1185 1117 1225 Ceres.

176 1241 270 1282 Orta
302 1242 538 1282 suburbanis
572 1243 760 1294 quaedam
793 1244 866 1283 suit
897 1245 1005 1283 Anna
1037 1244 1225 1298 Bovillis,

234 1301 418 1353 Pauper,
450 1302 519 1340 sed
552 1302 718 1341 mundae
753 1302 970 1341 sedulitatis
1001 1315 1121 1342 anus.

176 1359 243 1399 llla
262 1392 273 1412 ‚
304 1359 378 1399 levi
411 1361 527 1399 mitra
558 1373 676 1400 canos
708 1361 888 1400 redimita
921 1362 1105 1414 capillos,

87 1427 156 1459 670
235 1418 425 1469 Fingebat
458 1419 622 1458 tremula
654 1421 801 1459 rustica
834 1419 910 1459 liba
941 1432 1083 1473 manu3

176 1477 302 1528 Atque
334 1479 388 1516 ita
418 1489 490 1529 per
521 1477 709 1529 populum
742 1479 929 1517 fumantia
960 1491 1073 1518 mane
1106 1479 1255 1519 solebat

234 1534 415 1574 Dividere
436 1566 444 1574 .
496 1536 589 1575 haec
623 1536 765 1588 populo
799 1539 908 1588 copia
940 1544 1048 1589 grata
1080 1538 1176 1577 fuit.

175 1593 274 1633 Pace
307 1594 412 1633 domi
444 1594 542 1633 sacta
576 1595 729 1645 signum
762 1607 930 1646 posuere
949 1627 960 1648 ‚
992 1608 1206 1648 perennem

236 1652 348 1698 Quod
381 1652 456 1692 sibi
488 1653 652 1692 defectis
684 1654 746 1692 illa
779 1654 931 1693 tulisset
965 1667 1103 1707 opem.

88 1718 155 1751 675
176 1711 289 1750 Nunc
320 1711 445 1764 mihi,
478 1724 548 1751 cur
574 1719 758 1765 cantent,
790 1720 997 1765 superest,
1025 1713 1192 1752 obscena
1224 1714 1396 1767 puellae,

233 1769 400 1809 Dicere.
457 1782 545 1809 nam
578 1778 722 1810 coeunt
752 1778 937 1823 certaque
970 1772 1113 1823 probra
1145 1780 1312 1812 canunt.

174 1828 310 1879 Nuper
342 1834 425 1867 erat
457 1829 526 1868 dea
560 1830 688 1869 facta:
721 1831 825 1869 venit
858 1830 1048 1870 Gradivus
1080 1831 1126 1870 ad
1158 1832 1331 1884 Annam,

233 1886 283 1926 Et
314 1899 404 1926 cum
436 1888 596 1927 seducta
629 1888 717 1927 talia
749 1889 865 1928 verba
898 1890 1012 1929 facit:

175 1941 329 1984 ‘Mense
361 1957 447 1984 meo
480 1946 650 1999 coleris,
682 1949 792 1986 iunxi
823 1960 907 1986 mea
940 1955 1114 1999 tempora
1147 1954 1300 1989 tecum:

88 2011 155 2043 680
235 2002 384 2042 Pendet
416 2003 462 2042 ab
495 2005 622 2044 officio
655 2018 745 2056 spes
778 2006 873 2044 mihi
903 2018 1040 2057 magna
1073 2013 1161 2045 tuo.

174 2062 344 2100 Armifer
375 2063 580 2102 armiferae
612 2070 818 2115 correptus
850 2075 981 2103 amore
1012 2064 1206 2104 Minervae

235 2119 365 2172 Uror,
399 2128 437 2160 et
469 2121 542 2160 hoc
575 2121 689 2172 longo
723 2129 898 2173 tempore
931 2122 1068 2162 volnus
1101 2123 1183 2163 alo.

175 2178 295 2218 Effice
314 2211 325 2232 ,
357 2179 396 2218 di
429 2180 558 2219 studio
590 2180 735 2219 similes
768 2193 950 2220 coeamus
982 2183 1021 2220 in
1054 2194 1198 2221 unum.

233 2237 480 2278 Conveniunt
511 2246 642 2290 partes
673 2239 768 2278 haec
801 2239 871 2278 tibi
889 2272 901 2293 ,
933 2242 1054 2279 comis
1086 2237 1228 2280 anus.'

87 2303 152 2335 685
175 2296 360 2336 Dixerat.
417 2297 480 2336 illa
512 2298 629 2337 deum
661 2299 854 2349 promisso
886 2298 993 2338 ludit·
1016 2300 1145 2351 inani,

234 2354 283 2394 Et
314 2355 471 2395 stultam
504 2356 620 2396 dubia
654 2369 763 2408 spem
797 2357 914 2397 trahit
945 2370 1070 2410 usque
1103 2370 1233 2397 mora.
