1570 2527
154 130 209 171 72
710 131 936 164 TRISTIUM

784 262 861 310 VT.

271 355 463 407 Tempore
495 355 688 395 ruricolae
721 358 872 407 patiens
904 357 947 395 fit
977 362 1114 396 taurus
1146 358 1288 409 aratri,

270 414 439 453 Praebet
471 419 509 453 et
539 416 701 453 incurvo
734 414 831 453 colla
864 415 1074 465 premenda
1106 417 1217 467 iugo3

271 472 463 522 Tempore
496 478 607 523 paret
639 485 762 523 equus
794 473 912 512 lentis
943 475 1140 512 animosus
1170 473 1353 525 habenis,

271 530 320 569 Et
351 530 500 581 placido
534 531 653 570 duros
686 532 826 582 accipit
858 543 924 569 ore
957 531 1093 583 lupos;

232 597 251 627 5
273 588 464 639 Tempore
496 588 717 628 Poenorum
751 591 1012 640 compescitur
1043 590 1100 627 ira
1130 589 1310 641 leonum,

271 647 351 685 Nec
383 647 516 685 feritas
549 649 675 686 animo
695 679 706 699 ,
738 659 835 698 quae
869 648 942 686 fuit
974 652 1061 686 ante
1082 678 1092 698 ,
1123 654 1277 700 manet,

272 705 458 756 Quaeque
491 707 551 744 sui
583 707 741 744 monitis
773 705 1016 756 obtemperat
1046 705 1139 744 Inda
1170 707 1346 758 magistri

270 763 418 815 Belua,
451 765 652 802 servitium
683 770 860 814 tempore
892 766 991 802 victa
1024 764 1150 803 subit.

273 821 443 873 Tempus
462 852 473 873 ,
506 828 549 860 ut
580 824 752 860 extensis
784 827 961 873 tumeat,
995 823 1115 875 facit,
1147 835 1219 861 uva
1251 824 1440 875 racemis,

208 888 250 918 10
271 879 419 930 Vixque
453 892 603 918 merum
636 881 789 931 capiant
819 893 965 932 grana,
999 881 1101 931 quod
1134 882 1241 919 intus
1272 880 1439 933 habent3

272 938 444 989 Tempus
476 944 516 977 et
546 940 585 976 in
618 950 732 977 canas
765 951 898 977 semen
930 939 1112 989 producit
1144 941 1304 991 aristas,

271 996 320 1035 Et
351 1009 399 1035 ne
432 998 510 1035 sint
541 997 645 1035 tristi
675 1009 788 1047 poma
821 1009 986 1048 sapore,
1020 1002 1150 1036 cavet.

270 1054 353 1093 Hoc
384 1060 520 1093 tenuat
551 1055 708 1093 dentem
739 1061 885 1094 terram
916 1057 1138 1094 renovantis
1170 1057 1311 1107 aratri,

272 1112 354 1151 Hoc
386 1113 529 1163 rigidas
562 1113 718 1165 silices,
752 1113 826 1152 hoc
858 1113 1058 1153 adamanta
1090 1115 1204 1154 terit.

209 1179 251 1209 15
274 1170 354 1209 Hoc
387 1173 502 1210 etiam
534 1183 666 1210 saevas
697 1172 882 1222 paulatim
914 1174 1064 1223 mitigat
1094 1173 1193 1224 iras,

271 1228 353 1268 Hoc
386 1231 526 1268 minuit
558 1229 685 1269 luctus
717 1236 943 1281 maestaque
975 1230 1092 1269 corda
1124 1230 1245 1269 levat.

273 1287 421 1326 Cuncta
453 1293 583 1339 potest
614 1290 733 1339 igitur
765 1291 881 1327 tacito
914 1289 1012 1339 pede
1044 1289 1150 1339 lapsa
1181 1294 1354 1328 vetustas

272 1345 551 1397 Praeterquam
584 1358 698 1385 curas
730 1352 931 1386 attenuare
964 1359 1091 1385 meas.

272 1403 322 1442 Ut
351 1405 475 1454 patria
507 1416 650 1455 careo,
683 1405 743 1443 bis
774 1405 952 1456 frugibus
985 1417 1073 1444 area
1105 1407 1196 1444 trita
1227 1411 1308 1458 est,

208 1469 251 1501 20
273 1462 448 1500 Dissiluit
479 1462 583 1501 nudo
616 1475 750 1514 pressa
781 1463 841 1502 bis
873 1476 945 1502 uva
976 1463 1097 1514 pede.

270 1520 350 1559 Nec
383 1522 556 1571 quaesita
590 1527 718 1560 tamen
751 1523 874 1573 spatio
905 1523 1091 1573 patientia
1121 1521 1236 1573 longo
1269 1528 1351 1572 est,

271 1578 459 1629 Mensque
491 1579 581 1617 mali
613 1592 770 1618 sensum
803 1586 937 1619 nostra
967 1581 1137 1619 recentis
1168 1579 1309 1619 habet.

274 1636 431 1675 Scilicet
462 1643 500 1676 et
532 1643 683 1676 veteres
715 1638 870 1688 fugiunt
900 1640 989 1689 iuga
1021 1650 1136 1689 saepe
1166 1640 1344 1691 iuvenci,

272 1694 322 1732 Et
353 1694 523 1733 domitus
556 1696 665 1734 freno
698 1708 813 1746 saepe
845 1702 1038 1747 repugnat
1069 1709 1215 1747 equus.

209 1760 252 1791 25
273 1752 439 1791 Tristior
471 1759 531 1792 est
563 1755 678 1792 etiam
710 1766 895 1804 praesens
927 1766 1110 1792 aerumna
1142 1755 1298 1806 priore:

272 1810 322 1849 Ut
354 1812 404 1849 sit
436 1812 538 1849 enim
571 1811 645 1849 sibi
676 1824 775 1863 par,
807 1813 929 1851 crevit
960 1818 999 1851 et
1031 1818 1142 1857 amata
1174 1824 1283 1851 mora
1315 1819 1397 1853 est.

271 1868 351 1907 Nec
376 1874 455 1907 tam
481 1875 572 1907 nota
597 1869 714 1922 mihi,
741 1882 856 1921 quam
883 1876 996 1922 sunt,
1023 1870 1120 1908 mala
1145 1877 1279 1910 nostra
1305 1872 1485 1923 fuerunt3

272 1926 384 1966 Nunc
417 1929 538 1978 magis
569 1927 642 1967 hoc
661 1960 671 1980 ,
703 1940 779 1979 quo
812 1934 904 1967 sunt
935 1930 1179 1981 cognitiora,
1211 1935 1393 1980 gravant.

269 1984 339 2024 Est
371 1998 526 2036 quoque
559 1997 637 2024 non
669 1986 861 2039 nihilum,
893 1988 994 2025 vires
1026 1988 1165 2026 afferre
1197 1994 1399 2041 recentes,

208 2051 251 2081 30
273 2043 352 2082 Nec
383 2050 753 2096 praeconsumptum
785 2046 972 2096 temporis
1005 2057 1090 2084 esse
1122 2046 1255 2085 malis.

272 2101 426 2140 Fortior
457 2104 497 2140 in
529 2102 631 2142 fulva
661 2115 784 2142 novus
817 2109 877 2142 est
907 2103 1073 2142 luctator
1102 2103 1269 2153 harena,

273 2159 395 2204 Quam
428 2162 491 2199 cui
524 2167 614 2200 sunt
647 2162 755 2200 tarda
786 2161 943 2200 brachia
976 2162 1075 2200 sessa
1107 2174 1236 2201 mora.

272 2217 427 2268 Integer
460 2224 519 2257 est
549 2220 688 2258 melior
719 2220 852 2258 nitidis
883 2219 1069 2270 gladiator
1100 2221 1140 2258 in
1173 2222 1313 2272 armis,

272 2275 395 2320 Quam
429 2278 491 2314 cui
524 2277 600 2315 tela
632 2290 703 2317 suo
737 2279 923 2329 sanguine
954 2279 1074 2316 tincta
1106 2277 1259 2317 rubent.

207 2342 249 2371 35
272 2332 365 2372 Fert
394 2333 494 2372 bene
526 2338 761 2387 praecipites
792 2338 899 2375 navis
930 2336 1043 2375 modo
1076 2336 1175 2375 sacta
1205 2336 1417 2388 procellas:
