1570 2527
170 138 254 180 150
706 140 769 172 EX
793 140 951 173 PONTo

287 248 372 293 Quo
405 248 560 286 fortuna
592 249 714 297 magIs
747 249 896 299 saevit,
926 249 1048 298 magis
1080 249 1164 299 ipse
1195 249 1370 300 resistis,

343 305 471 356 thue
505 305 646 357 decet,
677 317 726 344 ne
757 311 796 344 te
827 307 965 345 vicerit
995 306 1056 344 illa
1075 338 1087 359 ,
1118 318 1254 358 caves,

285 364 334 403 Et
365 364 465 402 bene
497 365 555 402 uti
585 375 736 414 pugnes
755 395 766 416 ‚
797 363 896 402 bene
927 376 1104 416 pugnans
1137 365 1256 404 efficit
1286 363 1433 404 hostis.

346 422 410 460 Sic
443 421 578 461 eadem
609 422 771 473 prodest
803 434 919 462 causa
950 429 1144 474 nocetque
1176 423 1295 462 mihi.

223 490 266 521 55
288 481 444 519 Scilicet
474 480 706 532 indignum,
738 482 889 519 iuvenis
921 482 1118 519 rarissime
1137 512 1148 533 ,
1179 481 1290 520 ducis

345 539 399 577 Te
432 539 517 577 fieri
549 540 730 577 comitem
763 540 901 577 stantis
932 540 973 578 in
1005 538 1098 578 orbe
1131 539 1248 578 deae.

286 596 442 635 Firmus
475 609 546 649 es,
578 604 617 636 et
649 599 832 647 quoniam
863 609 940 635 non
973 603 1066 636 sunt
1096 609 1140 636 ea
1159 629 1169 649 ,
1202 596 1329 648 qualia
1359 596 1501 649 velles,

345 655 436 694 Vela
468 657 572 706 regis
605 667 766 706 quassae
799 655 1094 706 qualiacumque
1125 657 1244 694 ratis.

288 713 473 764 Quaeque
506 715 557 753 ita
591 726 780 752 concussa
813 720 902 765 est,
933 720 977 753 ut
1008 716 1083 753 iam
1116 725 1254 753 casura
1284 719 1467 766 putetur,

225 781 268 812 60
347 772 482 811 Restat
513 772 639 811 adhuc
671 774 818 811 umeris
849 772 944 811 fulta
975 774 1089 811 ruina
1120 774 1221 812 tuis.

290 830 350 869 Ira
382 830 539 881 quidem
571 832 698 881 primo
731 831 858 870 fuerat
889 836 954 869 tua
986 832 1087 869 iusta
1106 862 1117 882 ‚
1149 843 1222 869 nec
1253 832 1338 882 ipso
1447 840 1502 870 (4⁷)

346 889 519 941 Lenior,
552 890 724 928 offensus
756 891 823 940 qui
855 889 950 927 mihi
981 891 1066 928 iure
1099 890 1196 928 suit.

289 948 443 998 Quique
476 946 586 986 dolor
617 953 755 998 pectus
786 949 979 998 tetigisset
1011 947 1187 986 Caesaris
1219 946 1309 999 alti,

346 1005 458 1044 Illum
489 1005 645 1044 iurabas
676 1007 856 1057 protinus
889 1017 974 1044 esse
1007 1012 1141 1044 tuum.

225 1073 267 1104 65
288 1063 338 1103 Ut
368 1069 499 1102 tamen
531 1063 660 1102 audita
692 1071 752 1103 est
783 1069 939 1102 nostrae
972 1063 1042 1102 tibi
1074 1064 1193 1103 cladis
1226 1065 1361 1116 origo,

345 1121 495 1161 Diceris
527 1124 666 1161 erratis
698 1124 933 1173 ingemuisse
966 1124 1086 1162 meis.

289 1181 390 1219 Tum
422 1186 488 1219 tua
519 1192 580 1219 me
613 1181 783 1231 primum
815 1180 931 1218 solari
962 1180 1091 1219 littera
1124 1181 1253 1231 coepit

346 1239 395 1277 Et
426 1239 573 1277 laesum
606 1239 711 1277 flecti
743 1251 850 1290 spem
883 1239 974 1277 dare
1006 1251 1120 1290 posse
1153 1239 1293 1277 deum.

288 1296 407 1335 Movit
437 1298 627 1336 amicitiae
660 1303 743 1335 tum
774 1304 812 1336 te
845 1299 1061 1336 constantia
1092 1297 1251 1348 longae,

226 1365 269 1395 70
348 1356 447 1394 Ante
481 1360 568 1394 tuos
601 1360 711 1394 ortus
744 1367 842 1406 quae
874 1355 970 1394 mihi
1002 1360 1139 1406 coepta
1171 1356 1265 1406 suit,

289 1413 338 1452 Et
371 1413 474 1463 quod
507 1425 592 1452 eras
624 1414 708 1452 aliis
740 1414 866 1452 sactus
885 1445 895 1464 ,
927 1413 1022 1452 mihi
1053 1419 1166 1452 natus
1199 1415 1370 1465 amicus,

348 1471 540 1523 Quodque
573 1471 645 1510 tihi
676 1474 715 1510 in
747 1473 859 1511 cunis
891 1472 1023 1510 oscula
1054 1473 1180 1523 prima
1212 1470 1322 1510 dedi.

289 1529 400 1575 Quod
438 1542 528 1569 cum
566 1536 694 1569 vestra
727 1530 865 1569 domus
902 1531 1049 1569 teneris
1081 1530 1176 1568 mihi
1213 1541 1368 1582 semper
1399 1529 1446 1568 ab

1014 1589 1125 1627 annis

348 1646 459 1685 Culta
491 1648 570 1697 sit,
603 1658 689 1685 esse
721 1653 832 1686 vetus
865 1658 925 1685 me
958 1646 1027 1685 tibi
1060 1647 1164 1697 cogit
1195 1658 1316 1685 onus.

227 1712 270 1744 75
292 1704 351 1743 Me
384 1711 476 1743 tuus
507 1704 570 1742 ille
602 1710 740 1755 pater,
773 1705 903 1743 Latiae
937 1705 1116 1743 facundia
1147 1704 1324 1756 linguae,

352 1762 458 1807 Quae
491 1774 568 1800 non
601 1762 763 1800 inferior
794 1761 993 1801 nobilitate
1026 1763 1122 1812 fuit,

291 1820 474 1872 Primus,
510 1826 553 1858 ut
584 1820 769 1859 auderem
801 1822 1043 1859 committere
1077 1821 1248 1859 ca1mina
1280 1820 1428 1871 famae,

350 1878 535 1930 Impulit.
589 1880 737 1929 ingenii
768 1878 846 1917 dux
877 1879 952 1917 fuit
982 1878 1045 1917 ille
1078 1880 1177 1917 mei.

291 1937 400 1988 Nec,
434 1949 511 1988 quo
543 1938 592 1975 sit
625 1938 794 1987 primum
826 1936 938 1975 nobis
971 1943 1198 1988 a-tempore
1231 1936 1382 1989 cultus,

227 2004 271 2035 80
351 1994 552 2034 Contendo
586 1996 746 2034 fratrem
778 2007 892 2046 posse
924 1995 1075 2034 referre
1107 2001 1241 2034 tuum.

292 2054 345 2092 Te
378 2060 507 2092 tamen
540 2060 628 2092 ante
660 2055 785 2092 omnis
816 2056 869 2092 ita
900 2066 986 2092 sum
1019 2053 1260 2105 conplexus,
1292 2058 1336 2092 ut
1366 2064 1468 2092 unus

351 2111 534 2158 Quolibet
565 2113 605 2150 in
638 2124 729 2151 casu
762 2113 883 2162 gratia
915 2117 1047 2150 nostra
1079 2112 1206 2151 fores.

291 2170 432 2209 Ultima
464 2182 524 2209 me
558 2176 687 2209 tecum
720 2170 814 2209 vidit
845 2171 1082 2220 maestisque
1115 2170 1297 2208 cadentes
1447 2177 1504 2208 (48)

350 2228 515 2279 Excepit
547 2228 723 2267 lacrimas
754 2228 925 2267 Aethalis
956 2228 1033 2266 llva
1065 2229 1201 2278 genis:

229 2295 273 2326 85
293 2286 389 2326 Cum
422 2286 491 2325 tibi
524 2288 757 2340 quaerenti,
788 2299 883 2325 num
913 2298 1029 2325 verus
1062 2288 1222 2325 nuntius
1255 2291 1382 2336 esset,

350 2344 544 2384 Attulerat
576 2345 712 2396 culpae
744 2357 860 2396 quem
891 2344 988 2384 mala
1021 2344 1120 2382 sama
1153 2356 1283 2396 meae,
