1570 2527
596 99 659 131 111.
687 107 703 131 1
726 101 849 132 1—69.
1338 98 1393 139 39

166 209 407 260 Conspicuos
440 213 572 259 postes
605 212 787 258 tectaque
822 207 937 259 digna
970 207 1064 246 deo.

101 277 144 307 35
167 265 231 306 ‘Et
273 267 374 306 Iovis
419 263 529 305 haec'
575 265 655 304 dixi
701 263 855 304 ‘domus
905 262 1018 305 estP’
1070 266 1173 317 quod
1219 273 1262 305 ut
1308 279 1394 306 esse

731 330 932 376 putarem,

165 385 384 436 Augurium
416 384 540 423 menti
572 395 719 435 querna
754 395 897 422 corona
931 383 1068 422 dabat.

166 443 286 482 Cuius
319 449 363 482 ut
395 444 528 493 accepi
561 443 792 493 dominum,
826 439 926 480 ‘Non
960 439 1166 494 fallimur',
1197 444 1358 494 inquam

166 500 231 541 ‘Et
262 504 392 553 magni
424 514 560 540 verum
594 507 652 540 est
684 501 782 540 hanc
815 500 916 540 Iovis
951 513 1036 540 esse
1071 501 1251 542 domum.

167 561 246 599 Cur
278 567 407 599 tamen
441 561 619 611 opposita
653 560 803 599 velatur
835 561 950 599 ianua
981 560 1115 613 lauro,

101 628 145 658 40
168 619 297 670 Cingit
329 625 368 658 et
399 625 584 670 augustas
617 619 733 657 arbor
766 631 885 669 opaca
917 617 1082 658 comas?

165 678 266 717 Num
301 680 390 728 quia
422 684 636 728 perpetuos
670 679 815 716 meruit
848 678 985 716 domus
1018 679 1091 717 ista
1124 678 1371 730 triumphos,

165 737 223 775 An
257 738 346 787 quia
379 736 575 774 Leucadio
609 748 764 786 semper
798 742 921 774 amata
955 736 1026 774 deo
1060 743 1143 789 est,

164 794 303 846 Ipsane
336 795 440 846 quod
474 795 571 833 festa
605 800 693 846 est,
726 807 773 832 an
809 794 1038 845 quod'facit
1071 796 1199 833 onmia
1233 794 1365 835 festa?

166 853 289 899 Quam
323 853 464 892 tribuit
496 855 642 905 terris7
676 854 784 904 pacis
818 865 865 891 an
898 854 971 892 ista
1005 860 1095 892 nota
1129 852 1222 892 est?

99 921 142 951 45
167 912 293 963 thue
326 914 425 951 viret
459 924 614 964 semper
646 912 781 951 laurus
815 924 886 950 nec
920 912 1058 950 fronde
1093 912 1239 951 caduca

166 971 378 1023 Carpitur,
411 977 615 1010 aeternum
649 973 704 1009 sic
736 970 854 1009 habet
886 970 949 1009 illa
982 969 1138 1010 decus?

165 1029 288 1069 Causa
321 1031 593 1081 superpositae
627 1031 773 1080 scripto
810 1036 947 1068 testata
981 1042 1147 1068 coronae
1182 1036 1261 1070 est:

166 1088 348 1127 Servatos
381 1091 485 1127 cives
518 1089 664 1128 indicat
696 1089 813 1127 huius
847 1101 942 1139 ope.

164 1148 283 1186 Adice
317 1149 481 1186 servatis
514 1160 666 1199 unum,
700 1153 811 1198 pater
845 1149 1021 1198 optime,
1055 1149 1203 1199 civem,

100 1214 143 1245 50
166 1206 243 1252 Qui
274 1206 413 1257 procul
447 1212 620 1245 extremo
654 1206 792 1258 pulsus
825 1208 864 1244 in
898 1206 991 1244 orbe
1025 1205 1141 1258 latet,

164 1265 205 1303 In
240 1278 317 1316 quo
350 1277 595 1317 poenarum,
630 1277 726 1316 quas
759 1278 800 1304 se
833 1267 1025 1304 meruisse
1059 1265 1226 1317 fatetur,

164 1324 249 1362 Non
282 1324 434 1363 facinus
467 1336 624 1363 causam
644 1356 654 1376 ‚
687 1324 755 1362 sed
790 1337 884 1363 suus
918 1336 1030 1363 error
1062 1324 1203 1362 habet.

165 1382 224 1421 Me
256 1382 469 1422 miserum!
505 1395 723 1434 vereorque
757 1383 885 1421 locum
917 1395 1135 1433 vereorque
1168 1388 1393 1434 potentem,

165 1441 214 1479 Et
247 1443 422 1491 quatitur
455 1442 609 1492 trepido
643 1442 772 1480 littera
805 1447 940 1479 nostra
973 1446 1103 1480 metu.

101 1508 144 1539 55
166 1500 318 1550 Aspicis
352 1502 518 1551 exangui
551 1500 724 1539 chartam
757 1499 901 1551 pallere
936 1497 1101 1538 colore?

165 1559 317 1609 Aspicis
350 1558 521 1597 alternos
554 1560 806 1598 intremuisse
839 1556 994 1610 pedes?

166 1616 531 1669 Quandocumque,
565 1630 737 1670 precor,
770 1623 906 1656 nostro
939 1617 1093 1669 placere
1126 1620 1281 1669 parenti

164 1675 293 1714 Isdem
326 1681 364 1715 et
395 1676 467 1715 suh
501 1676 670 1715 dominis
703 1678 893 1727 aspiciare
928 1676 1067 1715 domus
1083 1674 1106 1715 Γ

163 1733 257 1772 Inde
291 1740 428 1774 tenore
460 1736 544 1786 pari
577 1735 763 1787 gradibus
798 1735 977 1774 sublimia
1011 1735 1126 1774 celsis

105 1801 149 1833 60
170 1792 300 1832 Ducor
339 1793 385 1832 ad
419 1795 565 1833 intonsi
599 1794 761 1834 candida
795 1794 939 1845 templa
973 1795 1062 1846 dei,

166 1852 282 1903 Signa
314 1854 535 1904 peregrinis
568 1853 637 1892 ubi
669 1859 761 1892 sunt
793 1853 942 1892 alterna
975 1854 1192 1904 columnis,

164 1910 319 1950 Belides
353 1917 392 1950 et
425 1913 562 1951 stricto
595 1911 787 1951 barbarus
821 1925 914 1951 ense
947 1920 1082 1964 pater,

166 1969 353 2020 Quaeque
386 1972 460 2009 viri
492 1971 606 2010 docto
639 1978 792 2010 veteres
826 1984 967 2023 cepere
1001 1973 1170 2022 novique

166 2027 359 2081 Pectore,
392 2029 554 2069 lecturis
586 2030 831 2082 inspicienda
863 2035 1022 2081 patent.

100 2095 144 2126 65
167 2087 410 2132 Quaerebam
444 2089 615 2142 fratres,
650 2091 823 2140 exceptis
857 2089 1008 2128 scilicet
1040 2088 1138 2141 illis,

166 2146 273 2191 Quos
307 2159 402 2186 suus
436 2154 590 2199 optaret
621 2161 699 2187 non
732 2149 915 2200 genuisse
948 2154 1082 2198 pater.

168 2205 430 2250 Quaerentem
458 2207 605 2246 frustra
638 2214 771 2246 custos
805 2219 825 2245 e
859 2206 1018 2246 sedibus
1051 2206 1127 2245 illis

167 2263 420 2315 Praepositus
454 2273 587 2306 sancto
620 2268 735 2305 iussit
768 2265 875 2305 abire
908 2265 1018 2305 loco.

168 2322 298 2362 Altera
331 2325 474 2376 templa
508 2331 627 2376 peto,
660 2326 786 2364 vicino
820 2326 952 2364 iuncta
986 2325 1164 2364 theatro:
