1570 2527
184 111 237 152 38
738 112 964 144 TRISTrUM

299 218 379 258 Nec
412 220 513 258 sinet
543 218 607 257 ille
639 224 728 257 tuos
759 219 851 258 litus
883 231 993 258 arare
1026 219 1168 259 boves.

300 278 375 316 Fac
408 277 550 328 modo,
590 282 814 317 constanter
844 278 1054 329 profugum
1087 277 1251 318 tueare!
1293 279 1396 331 quod
1427 279 1514 332 ille,

236 344 279 375 50
301 335 376 382 Qui
407 334 505 374 bene
538 341 577 374 te
609 337 744 389 novit,
776 347 855 375 non
887 341 1027 388 rogat,
1059 338 1143 388 ipsa
1174 349 1292 389 rogo.

819 463 873 510 V.

299 566 463 606 Annuus
495 566 700 606 adsuetum
732 568 909 607 dominae
941 568 1078 608 natalis
1109 568 1298 608 honorem

299 624 457 676 Exigit:
489 626 540 664 ite
572 637 709 664 manus
742 626 788 664 ad
821 628 882 677 pia
915 638 1024 665 sacra
1055 626 1186 666 meae!

302 683 366 722 Sic
399 683 592 734 quondam
626 684 769 722 festum
800 683 978 723 Laertius
1011 691 1144 736 egerat
1174 685 1292 724 heros

299 741 446 780 Forsan
478 743 517 780 in
550 747 725 780 extremo
758 744 935 793 coniugis
967 743 1061 782 orbe
1093 743 1218 782 diem.

259 808 278 839 5
301 799 450 850 Lingua
481 800 613 839 favens
645 802 763 852 assit,
797 807 1021 840 nostrorum
1053 801 1171 840 oblita
1203 801 1409 850 malorum,

300 858 406 904 Quae
425 889 436 910 ,
467 864 561 909 puto
581 890 591 909 ,
624 858 808 897 dedidicit
838 861 914 898 iam
945 859 1046 898 bona
1077 859 1194 898 verba
1225 859 1355 912 loqui3

300 916 486 967 Quaeque
519 916 638 955 semel
669 922 749 955 toto
781 918 900 956 vestis
931 917 1026 956 mihi
1059 919 1227 957 sumitur
1259 929 1384 970 anno,

302 974 487 1013 Sumatur
519 975 606 1013 fatis
639 975 807 1013 discolor
839 975 922 1013 alba
954 977 1075 1028 meis3

300 1033 454 1083 Araque
487 1034 684 1084 gramineo
716 1033 850 1072 viridis
883 1034 929 1072 de
963 1035 1132 1085 caespite
1164 1034 1255 1086 fiat,

237 1100 279 1131 10
299 1091 348 1129 Et
379 1091 480 1129 velet
511 1091 662 1142 tepidos
694 1103 792 1130 nexa
824 1104 966 1130 corona
998 1092 1128 1131 focos.

299 1149 353 1188 Da
386 1149 479 1187 mihi
512 1155 628 1200 tura,
660 1161 759 1200 puer
778 1181 788 1201 ,
820 1152 985 1201 pingues
1018 1151 1197 1189 facientia
1228 1149 1426 1202 flammas,

299 1207 488 1258 Quodque
521 1209 584 1258 pio
617 1208 747 1246 fusum
780 1208 918 1247 stridat
949 1210 989 1247 in
1021 1211 1133 1260 igne,
1166 1220 1341 1247 merum.

298 1265 451 1317 Optime
484 1265 651 1317 Natalis,
685 1268 858 1316 quamvis
890 1266 1028 1317 procul
1060 1266 1275 1319 absumus,
1306 1272 1398 1318 opto

298 1324 492 1363 Candidus
524 1324 600 1362 huc
633 1325 763 1362 venias
795 1324 1071 1375 dissimilisque
1103 1337 1214 1376 me03

236 1390 278 1422 15
301 1382 341 1421 Si
373 1382 476 1433 quod
510 1387 548 1420 et
579 1381 747 1421 instabat
779 1382 956 1421 dominae
989 1382 1209 1421 miserabile
1241 1382 1406 1436 vulnus,

299 1440 357 1480 Sit
388 1441 593 1491 perfuncta
624 1442 722 1479 meis
753 1445 907 1491 tempus
938 1442 978 1479 in
1011 1453 1124 1479 omne
1156 1440 1292 1493 malis;

299 1499 483 1550 Quaeque
511 1499 618 1549 gravi
637 1510 762 1550 nuper
782 1499 869 1549 plus
890 1511 1005 1550 quam
1032 1505 1211 1550 quassata
1237 1499 1407 1550 procella
1432 1506 1512 1552 est,

298 1557 409 1602 Quod
443 1562 652 1608 superest,
684 1562 813 1596 tutum
843 1569 915 1608 per
946 1569 1052 1596 mare
1085 1559 1192 1596 navis
1224 1556 1307 1597 eat!

296 1615 362 1654 Illa
395 1615 509 1654 domo
543 1621 708 1666 nataque
741 1628 810 1654 sua
842 1617 1045 1666 patriaque
1078 1616 1231 1654 fruatur
1265 1637 1315 1643 —

234 1682 277 1712 20
298 1674 441 1724 Erepta
473 1674 568 1712 haec
601 1675 669 1711 uni
701 1675 751 1712 sit
781 1675 874 1712 satis
907 1686 992 1712 esse
1024 1674 1120 1712 mihi
1154 1695 1202 1701 —-

298 1731 498 1777 Quatenus
532 1736 570 1770 et
601 1743 678 1769 non
711 1736 771 1769 est
801 1733 841 1770 in
874 1743 963 1770 caro
996 1733 1160 1782 coniuge
1192 1731 1306 1784 felix,

297 1790 392 1828 Pars
424 1791 522 1828 vitae
554 1790 658 1828 tristi
691 1795 820 1827 cetera
851 1789 955 1828 nube
987 1796 1118 1828 vacet.

296 1847 405 1887 Vivat
443 1853 622 1898 ametque
654 1848 803 1899 virum,
836 1849 1017 1898 quoniam
1049 1849 1106 1886 sic
1139 1849 1314 1899 cogitur,
1346 1847 1511 1900 absens,

297 1906 586 1957 Consumatque
619 1917 739 1944 annos
759 1937 769 1957 ,
802 1906 869 1944 sed
901 1906 1084 1944 diuturna
1103 1937 1114 1958 ,
1146 1919 1261 1945 suos.

231 1973 275 2004 Ξῖ)
296 1965 529 2016 Adicerem,
563 1969 602 2003 et
633 1969 788 2002 nostros
810 1995 818 2003 .
869 1964 936 2002 sed
969 1976 1017 2002 ne
1051 1966 1226 2016 contagia
1258 1965 1326 2004 sati

299 2024 560 2074 Corrumpant
594 2023 709 2062 timeo
729 2054 740 2075 ,
772 2035 869 2074 quos
902 2024 980 2073 agit
1010 2024 1122 2074 ipsa,
1153 2025 1253 2062 mei.

295 2081 357 2119 Nil
388 2081 536 2120 homini
568 2086 719 2120 certum
753 2086 839 2120 est.
890 2081 976 2119 fieri
1007 2082 1095 2131 quis
1126 2093 1241 2132 posse
1272 2085 1451 2132 putaret,

297 2139 347 2178 Ut
378 2140 548 2178 facerem
580 2141 619 2178 in
652 2139 790 2178 mediis
821 2139 917 2178 haec
949 2151 1019 2190 ego
1053 2151 1162 2178 sacra
1194 2136 1335 2177 Getis‘?

296 2198 466 2250 Aspice,
497 2204 541 2237 ut
572 2209 664 2237 aura
697 2203 823 2237 tamen
858 2199 985 2236 fumos
1018 2209 1038 2235 e
1071 2202 1158 2236 ture
1191 2202 1347 2236 coortos

232 2255 339 2295 3011]
372 2262 502 2306 partes
534 2256 647 2295 Italas
680 2262 720 2295 et
749 2257 832 2295 loca
865 2256 1000 2294 dextra
1031 2254 1153 2294 ferat!

299 2313 446 2353 Sensus
478 2315 581 2353 inest
611 2316 732 2366 igitur
764 2314 945 2366 nebulis,
978 2325 1073 2364 quas
1105 2314 1224 2364 exigit
1254 2314 1377 2364 ignis:
