1570 2527
584 102 626 135 V.
653 109 686 135 11
704 104 848 135 43—111
866 103 923 134 35.
1368 99 1423 141 85

711 232 794 281 ΠΙ.

199 325 266 365 1113
299 326 382 366 (1165
413 326 509 366 11366
541 331 602 366 est
621 358 632 378 ‚
663 338 739 377 qua
771 332 809 365 te
842 325 1042 366 celebrare
1073 332 1235 378 poetae,

201 385 244 423 Si
274 385 389 424 modo
422 397 500 424 non
533 384 672 424 fallunt
703 391 879 436 tempora
898 416 909 437 ,
940 385 1122 437 Bacche,
1153 384 1303 437 solent,

199 443 392 495 Festaque
426 443 597 483 odoratis
628 445 836 482 innectunt
868 449 1045 495 tempora
1076 445 1217 496 sertis,

200 501 250 540 Et
281 502 418 541 dicunt
449 501 585 541 laudes
618 502 665 541 ad
697 507 763 541 tua
795 503 883 541 vina
914 507 1025 541 tuas.

159 567 179 598 5
201 560 309 599 Inter
341 573 439 611 quos
460 592 470 612 ,
502 562 692 612 memini,
724 560 818 599 dum
849 573 910 599 me
942 573 1028 599 mea
1060 561 1134 600 fata
1168 559 1371 613 sinebant,

200 618 285 657 Non
317 620 441 658 invisa
472 618 544 658 tibi
575 631 665 671 pars
699 631 770 670 ego
802 631 918 671 saepe
950 620 1031 671 fui,

201 677 327 723 Quem
358 689 465 716 nunc
498 679 746 729 suppositum
778 678 901 717 stellis
934 677 1199 729 Cynosuridos
1231 677 1354 716 Ursae

200 734 337 774 Iuncta
369 741 478 774 tenet
510 736 643 774 crudis
677 735 864 775 Sarmatis
897 748 964 774 ora
997 736 1128 775 Getis.

202 793 356 844 Quique
388 795 499 845 prius
531 794 688 832 mollem
719 806 960 845 vacuamque
992 794 1193 833 laboribus
1226 796 1288 846 egi

138 859 179 890 10
199 851 243 890 In
275 852 415 891 studiis
446 853 564 891 vitam
596 852 876 903 Pieridumque
909 852 1053 905 choro,

198 910 311 949 Nunc
342 910 481 962 procul
513 923 533 949 a
565 912 690 962 patria
723 911 870 950 Geticis
902 913 1174 950 circumsonor
1206 913 1350 964 armis,

200 968 321 1008 Multa
353 970 463 1020 prius
495 969 632 1021 pelago
665 970 865 1021 multaque
898 982 1037 1021 passus
1069 969 1211 1010 humo.

200 1027 289 1066 Sive
322 1027 418 1066 mihi
449 1040 564 1067 casus
596 1029 676 1067 sive
708 1028 783 1067 hoc
816 1028 924 1067 dedit
954 1030 1012 1067 ira
1044 1028 1232 1079 deorum,

198 1085 339 1125 Nubila
372 1088 548 1126 nascenti
579 1099 649 1126 seu
682 1086 777 1126 mihi
808 1087 930 1126 Parca
961 1088 1058 1139 suit,

137 1151 179 1182 15
200 1144 261 1183 Tu
293 1150 423 1183 tamen
456 1158 476 1184 e
510 1147 631 1184 sacris
664 1145 831 1184 hederae
865 1145 1083 1185 cultoribus
1117 1158 1238 1184 unum

200 1202 369 1242 Numine
402 1203 595 1243 debueras
628 1206 864 1243 sustinuisse
897 1209 988 1243 tuo.

198 1262 258 1300 An
290 1261 468 1301 dominae
502 1262 570 1301 fati
602 1263 790 1314 quicquid
823 1264 1003 1302 cecinere
1036 1274 1216 1314 sororeS,

200 1319 325 1359 Omne
359 1320 432 1359 sub
465 1320 626 1360 arbitrio
661 1321 805 1360 desinit
838 1334 924 1361 esse
957 1319 1053 1360 dei‘?

198 1378 286 1430 Ipse
321 1391 478 1430 quoque
510 1380 703 1418 aetherias
735 1381 887 1419 meritis
919 1381 1099 1419 invectus
1132 1392 1174 1418 es
1206 1392 1339 1428 arces,

134 1442 179 1474 20
200 1436 286 1482 Quo
318 1449 397 1476 non
429 1439 570 1489 exiguo
603 1439 704 1477 sacta
734 1438 867 1477 labore
899 1440 959 1477 via
991 1444 1074 1477 est.

198 1495 280 1534 Nec
311 1496 436 1546 patria
468 1501 528 1535 est
558 1495 729 1535 habitata
761 1496 862 1548 tibi,
894 1496 962 1535 sed
995 1496 1170 1548 adusque
1203 1498 1383 1537 nivosum

201 1552 410 1604 Strymona
442 1555 585 1593 venisti
616 1554 935 1606 Marticolamque
969 1555 1093 1594 Geten

200 1611 441 1663 Persidaque
474 1618 513 1651 et
544 1612 621 1652 lato
654 1615 888 1664 spatiantem
920 1613 1080 1652 flumine
1113 1613 1295 1666 Gangen,

200 1669 251 1709 Et
282 1682 550 1722 quascumque
583 1670 682 1710 bibit
714 1672 873 1711 decolor
904 1672 1024 1711 Indus
1056 1684 1198 1723 aquas.

136 1734 181 1766 25
204 1727 362 1767 Scilicet
392 1728 492 1768 113116
524 1729 650 1780 legem
682 1736 821 1769 nentes
854 1730 981 1769 satalia
1013 1730 1157 1770 Parcae

202 1786 374 1826 Stamina
406 1786 467 1826 bis
499 1790 630 1838 genito
661 1787 722 1827 his
755 1790 934 1828 cecinere
966 1789 1058 1828 tibi.

199 1844 261 1884 Me
293 1857 450 1897 quoque
468 1878 480 1898 ,
513 1848 547 1885 si
578 1847 635 1885 fas
668 1852 728 1886 est
759 1847 948 1899 exemplis
980 1849 1037 1886 ire
1069 1847 1255 1900 deorum,

200 1902 345 1943 Ferrea
377 1916 463 1943 sors
495 1906 595 1944 vitae
628 1905 876 1958 difficilisque
909 1908 1074 1958 premit.

200 1961 268 2000 1110
301 1974 374 2001 1166
405 1962 528 2002 levius
561 1964 714 2017 cecidi,
747 1977 864 2015 quem
896 1976 1034 2016 magna
1065 1965 1240 2004 locutum

136 2027 181 2059 30
201 2019 387 2072 Reppulit
418 2033 438 2060 a
470 2021 615 2061 Thebis
647 2022 822 2074 Iuppiter
854 2024 943 2074 igne
977 2035 1071 2062 suo.

200 2078 250 2117 Ut
281 2085 411 2118 tamen
443 2080 586 2119 audisti
616 2093 849 2132 percussum
883 2081 1045 2120 fulmine
1077 2086 1227 2134 vatem,

199 2137 411 2177 Admonitu
444 2140 580 2178 matris
613 2139 862 2178 condoluisse
894 2146 1029 2191 potes,

200 2193 250 2234 Et
280 2201 422 2246 potes,
455 2199 648 2249 aspiciens
681 2200 830 2237 circum
863 2204 929 2236 tua
962 2209 1071 2237 sacra
1101 2203 1261 2252 poetas,

201 2249 356 2293 ‘Nescio
389 2257 477 2306 quis
510 2253 650 2295 nostri'
683 2256 814 2295 dIcere
847 2253 991 2296 ‘cultor
1023 2254 1160 2297 abest?

136 2318 179 2350 35
200 2310 300 2365 Fer,
330 2312 433 2353 bone
465 2313 605 2366 Liber,
638 2326 781 2366 opem:
827 2316 884 2354 sic
916 2315 1037 2355 altera
1063 2315 1248 2368 degravet
1274 2316 1423 2356 ulmum
