1570 2527
163 93 249 135 240
702 95 955 128 FASTORUM

339 202 536 242 Turbidus
568 202 742 240 hibernis
774 202 836 240 ille
868 201 1013 242 fluebat
1044 204 1153 254 aquis
1183 226 1230 231 —

281 261 414 300 Castra
446 261 529 299 loco
562 266 736 312 ponunt:
782 261 978 300 destrictis
1011 261 1170 300 ensibus
1202 263 1277 313 ipsi

339 319 584 370 Tyrrhenum
617 318 739 357 valido
771 318 892 357 Marte
924 332 994 370 per
1025 332 1162 371 agmen
1194 325 1312 371 eunt3

281 377 366 416 Non
398 377 509 416 aliter
528 409 539 430 ‚
574 389 689 428 quam
721 389 810 416 cum
843 376 982 428 Libyca
1015 378 1062 416 de
1094 390 1192 429 rupe
1223 378 1356 418 leones

192 444 259 474 210
338 435 528 475 Invadunt
560 447 716 486 sparsos
748 435 823 474 lata
855 447 925 485 per
957 448 1047 474 arva
1078 448 1238 487 greges.

280 493 494 544 Diffugiunt
525 493 657 532 hostes
677 525 687 544 ‚
719 493 1000 544 inhonestaque
1033 493 1188 532 volnera
1220 500 1329 545 tergo

337 552 572 603 Accipiunt:
616 551 744 591 Tusco
777 553 964 602 sanguine
996 558 1101 591 terra
1132 551 1269 591 rubet.

281 610 344 649 Sic
375 612 517 650 iterum
538 642 548 662 ‚
581 612 636 649 sic
669 622 783 661 saepe
816 610 987 649 cadunt.
1043 609 1110 649 ubi
1141 612 1298 651 vincere
1330 616 1462 662 aperte

337 668 422 707 Non
456 669 569 707 datur
588 701 598 721 ,
629 668 789 707 insidias
821 680 1003 719 armaque
1036 674 1137 708 tecta
1168 675 1327 719 parant.

192 734 260 766 215
282 726 448 778 Campus
481 733 564 766 erat
582 758 592 779 7
625 729 750 778 campi
783 726 1013 766 claudebant
1043 727 1178 766 ultima
1210 727 1328 766 colles

339 785 518 836 Silvaque
552 791 751 824 montanas
784 785 963 824 occulere
995 791 1082 837 apta
1114 786 1238 826 feras,

279 843 320 881 In
354 843 480 882 medio
513 855 657 894 paucos
690 849 940 894 armentaque
973 856 1060 882 rara
1089 843 1339 894 relinquunt,

339 902 476 940 Cetera
507 902 683 952 virgultis
717 901 844 940 abdita
876 901 989 940 turba
1020 901 1135 941 latet.

280 959 381 999 Ecce
415 959 521 999 velut
552 966 707 998 torrens
740 960 854 998 undis
884 960 1116 1011 pluvialibus
1147 966 1284 999 auctus

190 1026 259 1057 220
338 1019 414 1057 Aut
445 1020 531 1057 nive
551 1050 562 1070 ‚
595 1030 692 1069 quae
724 1018 891 1069 zephyro
923 1020 1021 1057 victa
1054 1025 1210 1069 tepente
1243 1018 1350 1070 fluit,

280 1076 353 1114 Per
386 1083 465 1115 sata
497 1088 645 1128 perque
677 1077 756 1115 vias
788 1077 942 1127 fertur,
975 1089 1047 1115 nec
1065 1107 1075 1127 ‚
1107 1082 1152 1114 ut
1182 1082 1270 1115 ante
1303 1075 1473 1129 solebat,

338 1135 524 1185 Riparum
557 1135 706 1173 clausas
738 1136 911 1184 margine
943 1135 1027 1173 finit
1058 1146 1199 1185 aquas:

282 1193 345 1231 Sic
378 1192 486 1231 Fabii
517 1192 651 1231 vallem
683 1192 769 1231 latis
802 1192 1044 1247 discursibus
1075 1193 1259 1245 implent,

339 1251 529 1302 Quodque
555 1251 714 1302 vident,
741 1256 947 1290 sternunt:
996 1263 1068 1290 nec
1096 1257 1222 1290 metus
1248 1250 1344 1290 alter
1370 1253 1490 1291 inest.

193 1316 259 1348 225
288 1309 372 1354 Quo
404 1310 547 1361 ruitis,
580 1321 768 1360 generosa
800 1309 938 1348 domus
958 1307 979 1348 ⁶?
1023 1309 1119 1348 male
1152 1309 1311 1348 creditis
1343 1309 1466 1350 hosti.

340 1367 510 1418 Simplex
542 1367 722 1406 nobilitas
742 1399 752 1418 ‚
783 1367 930 1418 perfida
962 1367 1035 1406 tela
1067 1367 1180 1406 cave!

279 1425 430 1464 Fraude
462 1427 565 1477 perit
596 1427 748 1464 virtus.
804 1427 844 1464 in
875 1431 1029 1477 apertos
1062 1426 1233 1477 undique
1266 1438 1422 1479 campos

338 1484 552 1523 Prosiliunt
582 1484 713 1522 hostes
747 1490 785 1522 et
815 1483 915 1523 latus
948 1496 1060 1523 omne
1093 1490 1249 1523 tenent.

280 1542 380 1588 Quid
413 1543 554 1581 faciant
585 1544 699 1593 pauci
731 1547 864 1580 contra
896 1547 953 1581 tot
984 1542 1088 1581 milia
1119 1540 1274 1581 fortes?

190 1608 258 1639 230
338 1600 485 1645 Quidve
505 1632 515 1649 ‚
549 1600 651 1651 quod
684 1602 722 1639 in
755 1602 896 1639 misero
930 1606 1104 1651 tempore
1136 1606 1287 1652 restet,
1319 1598 1460 1640 adest?

281 1658 390 1697 Sicut
422 1671 514 1709 aper
545 1659 657 1709 longe
691 1659 795 1697 silvis
828 1658 1088 1698 Laurentibus
1120 1664 1229 1697 actus

338 1716 539 1755 Fulmineo
572 1717 719 1755 celeres
751 1716 913 1767 dissipat
943 1729 1010 1755 ore
1043 1729 1180 1768 canes,

280 1773 365 1812 Mox
398 1781 527 1813 tamen
559 1776 643 1825 ipse
675 1776 805 1825 perit,
837 1777 892 1813 sic
925 1787 1001 1812 non
1034 1776 1255 1813 moriuntur
1286 1775 1422 1822 inulti,

336 1832 578 1883 Volneraque
611 1832 758 1871 alterna
790 1833 958 1883 dantque
991 1833 1200 1883 feruntque
1232 1844 1369 1871 manu.

190 1898 258 1930 235
281 1891 361 1929 Una
394 1891 475 1929 dies
508 1890 647 1929 Fabios
679 1890 725 1928 ad
757 1889 899 1929 bellum
931 1891 1090 1929 miserat
1121 1902 1277 1942 omnes,

336 1948 393 1987 Ad
426 1948 568 1988 bellum
602 1950 740 1987 missos
771 1949 940 1999 perdidit
972 1960 1047 1986 una
1080 1948 1184 1987 dies.

278 2007 327 2046 Ut
358 2013 486 2047 tamen
518 2007 732 2046 Herculeae
765 2012 1017 2058 superessent
1048 2008 1194 2046 semina
1226 2008 1377 2058 gentis,

337 2065 529 2104 Credibile
562 2071 621 2104 est
651 2067 756 2116 ipsos
789 2065 1030 2104 consuluisse
1063 2065 1177 2104 deos.

278 2123 373 2162 Nam
404 2136 502 2175 puer
534 2123 711 2174 impubes
743 2128 782 2162 et
813 2123 937 2162 adhuc
969 2136 1046 2162 non
1079 2123 1183 2162 utilis
1215 2124 1332 2162 armis

190 2188 258 2221 240
337 2182 445 2220 Unus
477 2182 523 2220 de
556 2181 671 2220 Fabia
703 2187 817 2232 gente
849 2181 1009 2220 relictus
1040 2187 1149 2220 erat:

280 2239 436 2279 Scilicet
467 2245 510 2279 ut
541 2252 675 2291 posses
707 2239 799 2278 olim
830 2246 872 2279 tu
890 2270 901 2291 ‚
932 2238 1094 2278 Maxime
1114 2270 1125 2291 ,
1157 2240 1282 2291 nasci,

337 2298 409 2337 Cui
441 2310 503 2337 res
536 2298 753 2338 cunctando
786 2298 1025 2337 restituenda
1057 2298 1180 2336 foret.
