1570 2527
148 112 202 152 28
699 115 923 146 TRISTIUM

177 228 245 259 210
267 220 391 266 Quem
422 221 542 259 nimio
574 220 662 271 plus
694 226 754 260 est
784 221 997 261 indoluisse
1029 222 1172 262 semel.

265 278 396 318 Altera
427 291 517 330 pars
551 285 760 331 superest,
796 291 870 330 qua
902 282 1008 331 turpi
1040 282 1210 320 carmine
1242 281 1368 321 factus

265 337 418 388 Arguor
450 336 610 375 obsceni
642 337 778 375 doctor
810 337 1014 377 adulterii.

266 394 338 433 Fas
372 406 464 445 ergo
499 400 587 446 est,
620 395 747 446 aliqua
779 395 958 434 caelestia
989 402 1146 447 pectora
1179 396 1280 449 salli,

265 452 315 490 Et
346 458 437 491 sunt
468 454 604 491 notitia
636 453 755 491 multa
788 455 937 492 minora
969 452 1066 493 tua?

178 518 245 549 215
265 510 392 560 thue
426 510 518 548 deos
551 511 779 562 caelumque
812 512 925 549 simul
959 511 1123 550 sublime
1156 514 1281 552 tuenti

266 568 352 606 Non
384 574 493 606 vacat
524 570 676 619 exiguis
707 569 826 607 rebus
859 569 995 607 adesse
1028 569 1130 622 Iovi,

267 626 320 664 De
353 631 389 664 te
421 625 658 677 pendentem
691 628 746 665 sic
778 627 871 665 dum
904 629 1174 678 circumspicis
1205 628 1365 681 orbem,

267 683 469 734 Effugiunt
500 696 614 723 curas
646 685 831 723 inferiora
864 683 984 724 tuas?

269 742 427 781 Scilicet
458 744 613 793 imperii
644 744 827 793 princeps
861 744 1026 782 statione
1058 743 1194 783 relicta

177 799 482 851 2201mparibus
513 800 664 851 legeres
697 803 867 839 carmina
899 802 998 840 facta
1030 799 1187 840 modis?

264 857 349 896 Non
382 870 424 896 ea
458 865 495 896 te
528 858 648 896 moles
681 859 843 897 Romani
875 861 1042 897 nominis
1075 865 1240 912 urguet,

264 916 386 966 Inque
420 918 497 954 tuis
531 918 677 955 umeris
709 922 786 956 tam
818 917 900 955 leve
934 918 1060 955 fertur
1092 929 1215 970 onus,

264 973 433 1012 Lusibus
466 980 510 1012 ut
540 976 667 1025 possis
699 975 902 1014 advertere
934 987 1079 1014 numen
1111 977 1278 1028 ineptis,

263 1032 526 1082 Excutiasque
559 1032 681 1071 oculis
713 1035 790 1072 otia
823 1039 955 1072 nostra
987 1035 1086 1072 tuis.

177 1098 242 1129 225
264 1090 376 1128 Nunc
409 1090 478 1128 tibi
510 1090 707 1129 Pannonia
740 1097 827 1142 est,
866 1104 970 1130 nunc
1002 1091 1127 1142 Illyris
1167 1104 1235 1131 ora
1266 1092 1455 1132 domanda

265 1148 422 1186 Raetica
454 1161 558 1187 nunc
591 1149 780 1200 praebent
811 1149 1053 1200 Thraciaque
1086 1161 1191 1188 arma
1223 1156 1393 1203 metum3

265 1206 376 1245 Nunc
409 1208 507 1256 petit
537 1207 744 1246 Armenius
777 1220 938 1260 pacem,
974 1220 1078 1247 nunc
1110 1210 1275 1259 porrigit
1307 1221 1421 1249 arcus

264 1264 432 1303 Parthus
465 1277 585 1315 eques
619 1266 751 1304 timida
784 1273 972 1316 captaque
1005 1267 1113 1316 signa
1145 1279 1285 1319 manu3

264 1322 376 1361 Nunc
409 1328 446 1361 te
478 1323 587 1374 prole
620 1329 685 1362 tua
717 1326 898 1363 iuvenem
930 1324 1135 1362 Germania
1168 1326 1309 1378 sentit,

177 1389 242 1420 230
264 1379 446 1431 Bellaque
478 1393 550 1432 pro
584 1393 720 1432 magno
754 1382 917 1421 Caesare
950 1382 1090 1421 Caesar
1122 1382 1226 1434 obit3

264 1438 438 1489 Denique
459 1470 469 1491 ,
502 1444 545 1478 ut
569 1440 608 1477 in
636 1445 742 1479 tanto
756 1472 767 1492 ‚
800 1446 987 1491 quantum
1014 1453 1092 1479 non
1118 1443 1247 1480 extitit
1271 1453 1454 1493 umquam

263 1496 466 1548 Corpore,
498 1509 589 1548 pars
620 1497 724 1536 nulla
756 1504 846 1550 est,
879 1511 975 1550 quae
1008 1498 1140 1551 labet,
1171 1501 1349 1550 imperii.

262 1554 364 1593 Urbs
397 1567 553 1606 quoque
586 1561 622 1594 te
656 1562 695 1594 et
726 1556 855 1608 legum
887 1557 1004 1595 lassat
1035 1557 1155 1596 tutela
1188 1563 1344 1597 tuarum

263 1612 312 1651 Et
343 1625 497 1651 morum
516 1645 526 1664 ,
559 1614 694 1652 similis
727 1627 825 1665 quos
858 1617 968 1666 cupis
1000 1627 1086 1653 esse
1118 1617 1220 1667 tuis,

174 1678 241 1709 235
262 1670 341 1708 Nec
374 1670 445 1708 tibi
477 1673 737 1722 contingunt,
771 1685 868 1721 quae
900 1673 1082 1721 gentibus
1113 1675 1190 1710 otia
1221 1678 1420 1726 praestas,

263 1727 446 1777 Bellaque
478 1739 567 1765 cum
599 1728 731 1765 multis
762 1730 982 1778 inrequieta
1013 1730 1140 1778 geris.

262 1784 381 1822 Mirer
413 1786 453 1822 in
485 1784 558 1822 hoc
589 1786 709 1835 igitur
741 1790 937 1824 tantarum
969 1786 1141 1835 pondere
1174 1798 1308 1825 rerum

263 1842 317 1881 Te
350 1854 562 1892 numquam
594 1848 749 1880 nostros
781 1843 972 1881 evoluisse
1004 1841 1145 1882 iocos?

265 1901 313 1938 At
345 1902 405 1952 si,
439 1900 542 1950 quod
575 1899 726 1938 mallem
746 1932 756 1951 ‚
788 1913 951 1939 vacuum
984 1901 1054 1940 tibi
1085 1902 1186 1940 forte
1218 1902 1380 1953 suisset,

175 1967 241 1997 240
264 1958 419 1997 Nullum
452 1958 613 2009 legisses
646 1960 793 1997 crimen
825 1960 864 1997 in
897 1961 989 1998 Arte
1023 1971 1130 1998 mea.

263 2016 329 2054 Illa
362 2016 519 2067 quidem
551 2017 674 2055 fateor
706 2017 845 2055 frontis
877 2029 955 2056 non
987 2029 1073 2056 esse
1109 2029 1266 2056 severae

265 2074 446 2126 Scripta,
480 2087 550 2113 nec
583 2087 603 2112 a
635 2080 740 2114 tanto
773 2076 948 2126 principe
981 2075 1094 2125 digna
1126 2076 1225 2126 legi:

263 2132 349 2170 Non
383 2138 510 2171 tamen
542 2132 689 2171 idcirco
722 2133 849 2183 legum
883 2135 1075 2172 contraria
1108 2135 1225 2172 iussis

264 2190 364 2229 Sunt
395 2203 439 2228 ea
471 2190 663 2229 Romanas
696 2192 956 2242 erudiuntque
989 2203 1135 2229 nurus.

177 2257 243 2288 245
264 2249 368 2287 Neve
388 2280 398 2300 ,
432 2249 574 2299 quibus
607 2248 773 2288 scribam
793 2280 804 2302 ,
835 2250 961 2301 possis
994 2249 1172 2288 dubitare
1191 2280 1202 2301 ,
1233 2248 1407 2301 libellos,

264 2307 456 2352 Quattuor
488 2307 558 2346 hos
591 2319 726 2346 versus
760 2320 779 2346 e
813 2307 938 2346 tribus
970 2318 1072 2347 unus
1103 2307 1242 2346 habet:

1469 1124 1479 1146 7

1469 1474 1479 1494 7
