1570 2527
189 119 270 160 122
728 122 792 154 EX
816 121 972 154 PONTo

304 229 400 268 Cum
433 229 534 268 foret
566 229 717 268 Aeneae
751 228 881 268 cervix
913 229 1089 270 subiecta
1119 230 1296 281 parenti,

362 288 514 326 Dicitur
545 288 629 338 ipsa
661 289 743 326 viro
775 287 927 327 flamma
959 288 1112 328 dedisse
1144 289 1268 326 viam:

240 354 283 385 35
305 345 396 385 Fert
428 345 527 383 liber
557 346 764 384 Aeneaden
784 377 794 397 ,
826 352 865 385 et
894 359 973 385 non
1004 348 1080 385 iter
1111 358 1225 385 omne
1257 342 1439 397 patebit?

364 405 413 442 At
444 405 591 454 patriae
624 409 735 455 pater
766 404 828 442 hic
848 435 858 455 ‚
890 406 1014 456 ipsius
1045 403 1109 443 ille
1140 405 1237 443 fuit.

304 462 450 512 Ecquis
482 463 535 500 ita
567 468 627 501 est
658 463 781 501 audax
801 495 811 513 ‚
842 469 887 501 ut
917 463 1050 502 limine
1081 468 1194 513 cogat
1225 462 1332 501 abire

363 520 575 559 lactantem
606 520 746 559 Pharia
777 521 927 559 tinnula
960 522 1076 559 sistra
1106 518 1258 559 manu?

304 579 402 617 Ante
436 578 552 617 deum
583 578 745 617 Matrem
778 591 901 618 cornu
933 579 1080 618 tibicen
1112 578 1262 618 adunco

240 646 284 676 40
363 636 460 676 Cum
493 638 625 688 canit,
657 639 817 687 exiguae
850 639 938 688 quis
971 639 1083 688 stipis
1115 649 1205 676 aera
1235 633 1382 687 negat?

307 695 480 745 [Scimus
512 695 559 733 ab
591 697 755 746 imperio
788 696 871 734 fieri
904 696 959 734 nil
990 696 1064 734 tale
1097 695 1263 734 Dianae:

364 753 474 792 Unde
508 760 637 792 tamen
670 755 799 805 vivat,
832 756 1063 793 vaticinator
1094 753 1211 792 habet
1225 752 1251 804 .]

309 812 412 864 [Ipsa
444 817 601 850 movent
633 813 781 850 animos
814 824 1048 863 superorum
1079 813 1240 851 numina
1271 816 1453 863 nostros,

365 870 496 921 Turpe
528 882 601 908 nec
634 875 693 908 est
724 870 790 908 tali
822 871 1051 909 credulitate
1083 871 1169 921 capi
1183 869 1210 919 .]

240 937 285 967 45
305 928 364 967 En
383 959 393 979 ‚
426 941 496 979 ego
529 940 600 979 pro
623 930 748 967 -sistro
781 928 1018 980 Phrygiique
1051 929 1240 967 foramine
1272 927 1368 966 buxi
1485 934 1522 967 (3)

366 986 500 1025 Gentis
532 986 660 1025 Iuleae
692 988 849 1025 nomina
881 993 1013 1026 sancta
1045 988 1152 1026 fem.

305 1045 503 1084 Vaticinor
535 1057 784 1096 moneoque:
828 1045 956 1084 locum
987 1045 1075 1084 date
1108 1056 1218 1084 sacra
1249 1042 1416 1083 serenti!

364 1103 451 1142 Non
483 1103 577 1142 mihi
596 1135 606 1155 ,
639 1104 707 1142 sed
741 1116 878 1154 magno
911 1106 1086 1154 poscitur
1118 1103 1182 1142 ille
1215 1102 1311 1141 deo.

305 1161 385 1201 Nec
418 1163 509 1213 quia
541 1162 600 1200 vel
633 1164 787 1213 merui,
821 1163 879 1200 vel
912 1164 1018 1201 sensi
1049 1162 1240 1213 principis
1272 1162 1393 1213 iram,

244 1228 287 1259 50
366 1220 398 1258 A
428 1219 542 1258 nobis
573 1221 703 1270 ipsum
735 1220 836 1258 nolle
868 1226 1002 1271 putate
1035 1220 1133 1259 coli.

305 1278 391 1316 Vidi
423 1290 494 1329 ego
527 1277 712 1329 linigerae
745 1291 891 1317 numen
922 1278 1085 1317 violasse
1117 1279 1304 1317 fatentem

364 1336 477 1375 Isidis
510 1336 652 1375 Isiacos
685 1343 773 1375 ante
806 1337 942 1376 sedere
975 1337 1105 1376 focos.

304 1394 440 1446 Alter,
472 1394 521 1432 ob
554 1395 645 1433 huic
677 1394 843 1433 similem
873 1397 1048 1446 privatus
1079 1395 1225 1434 lumine
1257 1393 1434 1446 eulpam,

365 1453 561 1492 Clamabat
592 1453 718 1492 media
751 1465 792 1491 se
824 1455 1015 1492 meruisse
1048 1455 1128 1492 via.

243 1519 286 1550 55
307 1511 413 1550 TaHa
446 1511 634 1550 caelestes
666 1512 751 1550 fieri
783 1513 990 1562 praeconia
1020 1511 1213 1563 gaudent,

366 1569 417 1609 Ut
449 1582 518 1608 sua
550 1570 644 1621 quid
676 1570 827 1608 valeant
858 1572 1016 1608 numina
1035 1601 1045 1618 ,
1078 1575 1178 1609 teste
1209 1568 1399 1620 probent.

308 1628 431 1678 Saepe
463 1628 592 1667 levant
623 1640 769 1679 poenas
800 1634 1013 1679 ereptaque
1044 1628 1191 1667 lumina
1221 1627 1413 1678 reddunt,

366 1686 463 1724 Cum
496 1685 595 1725 bene
627 1688 778 1737 peccati
809 1688 1048 1737 paenituisse
1079 1686 1233 1725 vident.

307 1743 513 1792 Paenitet,
546 1743 597 1782 o!
642 1745 676 1782 si
708 1744 799 1794 quid
833 1745 1068 1783 miserorum
1100 1744 1274 1783 creditur
1305 1743 1397 1795 ulli,

242 1811 286 1842 60
364 1802 571 1854 Paenitet,
603 1807 642 1841 et
673 1803 773 1840 facto
806 1807 993 1852 torqueor
1025 1804 1108 1853 ipse
1140 1813 1250 1840 meo.

308 1860 483 1911 Cumque
516 1862 567 1899 sit
599 1860 757 1899 exilium
776 1891 786 1911 ,
818 1862 939 1910 magis
973 1865 1033 1899 est
1063 1860 1159 1899 mihi
1191 1859 1305 1910 culpa
1336 1859 1482 1898 dolori:

364 1918 512 1969 Estque
544 1920 624 1970 pati
655 1930 819 1969 poenam
838 1949 849 1970 ‚
881 1930 994 1969 quam
1029 1920 1248 1970 meruisse,
1280 1919 1433 1958 minus,

305 1977 356 2016 Ut
386 1977 483 2015 mihi
514 1977 553 2016 di
584 1978 764 2028 faveant,
797 1976 939 2028 quibus
972 1982 1031 2015 est
1062 1977 1304 2016 manifestior
1334 1978 1442 2028 ipse:

366 2035 497 2074 Poena
528 2040 659 2087 potest
691 2035 821 2087 demi,
855 2035 967 2086 culpa
998 2037 1184 2086 perennis
1217 2035 1313 2074 erit.

244 2102 286 2133 65
309 2093 432 2144 [Mors
464 2095 581 2132 faciet
612 2099 744 2145 certe,
781 2106 830 2132 ne
862 2095 935 2132 sim
954 2125 965 2145 ‚
997 2106 1087 2132 cum
1117 2095 1297 2146 venerit,
1329 2092 1441 2132 exul:

366 2152 423 2190 Ne
456 2164 536 2191 non
566 2154 763 2204 peccarim
783 2184 793 2204 ,
826 2163 931 2191 mors
963 2164 1120 2203 quoque
1152 2163 1230 2190 non
1262 2151 1377 2190 faciet
1391 2150 1418 2201 .]

310 2210 414 2259 [Non
446 2211 566 2261 igitur
598 2212 770 2262 mirum,
804 2212 837 2249 si
869 2222 978 2248 mens
1012 2222 1096 2248 mea
1130 2209 1259 2248 tabida
1291 2210 1393 2248 facta

365 2268 419 2306 De
453 2269 541 2308 nive
573 2270 767 2308 manantis
798 2280 906 2307 more
939 2268 1123 2319 liquescit
1155 2279 1276 2319 aquae
1292 2267 1318 2318 .]

307 2326 427 2365 Estur
459 2332 502 2366 ut
533 2327 685 2366 occulta
717 2328 848 2366 vitiata
881 2327 1055 2366 teredine
1089 2327 1220 2378 navis,
1487 2334 1527 2365 (4)
