1570 2527
517 145 583 179 III.
609 153 688 178 vm
709 148 896 179 12—V1111
916 148 971 180 56.
1327 144 1411 185 185

191 251 438 291 Scribentem
468 253 574 292 iuvat
604 254 688 304 ipse
722 253 826 292 calor
858 255 1078 305 minuitque
1109 253 1306 307 laborem,

248 310 345 349 Cum
378 323 519 362 quasso
552 323 735 351 crescens
768 318 927 363 pectore
960 313 1085 352 fervet
1116 325 1238 364 opus.

190 369 396 420 Corrigere
429 375 468 409 at
498 382 563 409 res
595 376 656 409 est
686 375 794 409 tanto
827 372 949 422 magis
982 371 1126 423 ardua,
1159 377 1304 423 quanto

248 426 411 479 Magnus
443 428 668 467 Aristarcho
700 430 824 467 maior
856 429 1050 469 Homerus
1084 436 1186 483 erat3

126 494 169 525 25
192 486 255 525 Sic
289 488 460 525 animum
492 487 597 526 lento
631 500 814 527 curarum
847 488 992 539 frigore
1024 488 1163 541 laedit,

248 544 298 583 Ut
330 545 462 597 cupidi
494 558 637 585 census
670 547 779 585 frena
811 552 981 586 retentat
1013 549 1126 599 equi.

189 604 316 654 Atque
348 605 400 643 ita
433 604 472 643 di
502 606 617 643 mites
649 606 827 644 minuant
859 605 953 644 mihi
986 605 1162 645 Caesaris
1194 607 1316 658 iram,

249 661 424 714 Ossaque
456 668 589 714 pacata
622 670 756 703 nostra
788 670 971 715 tegantur
1002 664 1146 717 humo,

189 719 240 759 Ut
271 720 366 759 mihi
398 723 556 760 conanti
587 734 882 773 nonnumquam
912 723 1119 762 intendere
1153 735 1267 762 curas

125 787 170 818 30
248 778 444 819 Fortunae
476 782 628 831 species
661 780 789 820 obstat
821 780 960 820 acerba
992 793 1127 830 meae,

188 836 338 888 Vixque
370 838 466 877 mihi
497 838 660 890 videor,
694 839 831 878 faciam
864 840 967 890 quod
1001 842 1197 893 carmina,
1230 852 1372 893 sanus,

247 895 370 947 Inque
402 897 496 936 feris
530 909 665 936 curem
697 899 896 949 corrigere
928 897 992 936 illa
1026 897 1150 938 Gens!

187 953 250 993 Nil
281 960 411 994 tamen
445 961 505 995 est
535 957 692 1007 scriptis
724 958 847 1008 magis
880 956 1101 996 excusabile
1135 959 1304 1009 nostris,

250 1013 373 1059 Quam
407 1027 546 1054 sensus
579 1016 731 1054 cunctis
763 1027 887 1067 paene
921 1015 1024 1066 quod
1057 1028 1160 1055 unus
1192 1018 1314 1055 inest.

123 1079 167 1112 35
187 1071 305 1111 Laeta
336 1072 418 1112 fere
450 1073 576 1112 laetus
608 1075 762 1113 cecini.
825 1086 921 1113 cano
954 1075 1079 1113 tristia
1112 1075 1261 1114 tristis.
1336 1083 1411 1116 (1041

248 1130 493 1171 Conveniens
525 1134 636 1184 operi
667 1138 823 1184 tempus
855 1138 1069 1184 utrumque
1103 1145 1173 1172 suo
1207 1138 1293 1173 est.

190 1189 291 1235 Quid
311 1221 322 1242 ‚
353 1192 430 1230 nisi
461 1191 508 1230 de
540 1192 632 1229 vitio
666 1191 834 1230 scribam
867 1193 1038 1242 regionis
1071 1204 1247 1245 amarae,

248 1247 378 1299 thue
410 1249 495 1288 loco
527 1250 674 1288 moriar
705 1250 969 1288 commodiore
989 1282 1000 1301 ‚
1032 1248 1207 1301 precer?

190 1305 288 1345 Cum
320 1309 464 1347 totiens
498 1307 633 1346 eadem
666 1308 791 1347 dicam
810 1339 821 1360 7
853 1310 916 1347 vix
948 1308 1086 1347 audior
1119 1308 1211 1349 ulli:

123 1372 169 1404 40
248 1364 452 1418 Verbaque
485 1367 666 1418 prosectu
699 1366 940 1406 dissimulata
973 1372 1130 1406 carent.

189 1422 239 1463 Et
269 1429 400 1464 tamen
432 1425 528 1464 haec
561 1424 697 1464 eadem
729 1437 818 1465 cum
851 1427 958 1477 sint,
999 1437 1077 1464 non
1116 1425 1324 1466 scribimus

918 1484 1066 1536 isdem3

247 1542 411 1595 Unaque
443 1554 514 1594 per
545 1541 680 1594 plures
711 1554 784 1581 vox
815 1554 901 1581 mea
932 1548 1097 1594 temptat
1129 1555 1267 1594 opem.

189 1603 247 1641 An
267 1634 278 1652 ‚
311 1614 359 1641 ne
391 1601 452 1640 bis
485 1613 644 1640 sensum
675 1599 800 1640 lector
831 1602 1028 1652 reperiret
1059 1601 1252 1655 eundem,

248 1661 359 1700 Unus
392 1661 637 1712 amicorum,
669 1658 790 1699 Brute
810 1691 820 1711 ‚
852 1659 1049 1711 rogandus
1082 1658 1200 1700 erat?

123 1728 168 1760 45
189 1720 274 1758 Non
308 1719 382 1758 fuit
412 1719 486 1758 hoc
518 1719 616 1757 tanti
635 1749 645 1758 .
702 1718 882 1757 confesso
915 1720 1107 1769 ignoscite
1127 1750 1138 1771 ,
1170 1719 1299 1759 docti:

246 1777 366 1817 Vilior
399 1782 459 1817 est
489 1779 620 1828 operis
651 1777 752 1816 fama
783 1777 907 1816 salute
939 1789 1047 1816 mea.

188 1837 365 1888 Denique
397 1837 598 1875 materiam
633 1848 722 1875 cum
756 1837 845 1887 quis
877 1835 953 1875 sibi
984 1837 1142 1875 finxerit
1172 1837 1283 1888 ipse,

246 1895 419 1934 Arbitrio
451 1896 574 1934 variat
604 1894 726 1934 multa
756 1900 871 1946 poeta
904 1907 999 1934 suo:

186 1954 297 1994 Musa
327 1966 413 1992 mea
445 1959 505 1993 est
535 1953 652 1992 index
683 1954 848 1992 nimium
882 1965 1038 2004 quoque
1071 1965 1162 1992 vera
1194 1953 1410 2006 malorum,

122 2021 167 2053 50
246 2013 375 2063 Atque
406 2013 626 2063 incorrupti
658 2012 832 2065 pondera
864 2013 976 2050 testis
1008 2011 1148 2051 habet.

186 2071 267 2111 Nec
298 2071 398 2110 liber
428 2077 474 2110 ut
504 2071 619 2110 fieret
637 2102 647 2123 ‚
681 2070 748 2110 sed
781 2072 839 2109 uti
871 2082 942 2109 sua
975 2072 1117 2122 cuique
1151 2069 1312 2110 daretur

244 2129 421 2182 Littera,
453 2131 700 2182 propositum
732 2141 905 2180 curaque
938 2134 1072 2168 nostra
1104 2129 1202 2168 fuit.

186 2189 397 2228 Postmodo
430 2188 612 2228 collectas
631 2220 643 2241 ‚
674 2194 887 2238 utcumque
922 2189 1006 2226 sine
1039 2187 1176 2226 ordine
1195 2218 1206 2240 ,
1238 2189 1372 2227 iunxi:

245 2247 328 2287 Hoc
361 2260 460 2299 opus
492 2247 661 2287 electum
693 2259 741 2286 ne
774 2246 870 2285 mihi
901 2246 1001 2285 forte
1033 2252 1172 2298 putes.

121 2315 165 2347 55
185 2305 240 2345 Da
272 2308 423 2346 veniam
456 2308 644 2358 scriptis,
678 2317 844 2357 quorum
878 2317 957 2344 non
988 2304 1111 2356 gloria
1143 2303 1256 2344 nobis

244 2364 398 2418 Causa,
430 2365 498 2404 sed
531 2365 678 2404 utilitas
711 2364 964 2416 officiumque
998 2364 1092 2403 suit.
