<?xml version="1.0" encoding="UTF-8"?>
<!DOCTYPE html PUBLIC "-//W3C//DTD XHTML 1.0 Transitional//EN"
    "http://www.w3.org/TR/xhtml1/DTD/xhtml1-transitional.dtd">
<html xmlns="http://www.w3.org/1999/xhtml" xml:lang="en" lang="en">
 <head>
  <title>
</title>
<meta http-equiv="Content-Type" content="text/html;charset=utf-8" />
  <meta name='ocr-system' content='tesseract 3.04.00' />
  <meta name='ocr-capabilities' content='ocr_page ocr_carea ocr_par ocr_line ocrx_word'/>
</head>
<body>
  <div class='ocr_page' id='page_1' title='image "./ovidopera03oviduoft_0287.png"; bbox 0 0 1570 2527; ppageno 0'>
   <div class='ocr_carea' id='block_1_1' title="bbox 659 131 1455 173">
    <p class='ocr_par' dir='ltr' id='par_1_1' title="bbox 659 131 1455 173">
     <span class='ocr_line' id='line_1_1' title="bbox 659 131 1455 173; baseline 0.009 -7"><span class='ocrx_word' id='word_1_1' title='bbox 659 134 687 165; x_wconf 93' lang='lat'>1.</span> <span class='ocrx_word' id='word_1_2' title='bbox 715 135 911 167; x_wconf 84' lang='lat'>529—599.</span> <span class='ocrx_word' id='word_1_3' title='bbox 1370 131 1455 173; x_wconf 82' lang='lat'>229</span> 
     </span>
    </p>
   </div>
   <div class='ocr_carea' id='block_1_2' title="bbox 151 240 1397 1509">
    <p class='ocr_par' dir='ltr' id='par_1_2' title="bbox 151 240 1397 1509">
     <span class='ocr_line' id='line_1_2' title="bbox 295 240 1134 280; baseline 0 0"><span class='ocrx_word' id='word_1_4' title='bbox 295 241 345 280; x_wconf 91' lang='lat' dir='ltr'>Et</span> <span class='ocrx_word' id='word_1_5' title='bbox 375 247 527 280; x_wconf 86' lang='lat' dir='ltr'>vastum</span> <span class='ocrx_word' id='word_1_6' title='bbox 560 246 668 279; x_wconf 88' lang='lat' dir='ltr'>motu</span> <span class='ocrx_word' id='word_1_7' title='bbox 701 240 982 280; x_wconf 73' lang='lat' dir='ltr'>conlabefactat</span> <span class='ocrx_word' id='word_1_8' title='bbox 1013 253 1134 280; x_wconf 87' lang='lat' dir='ltr'>onus.</span> 
     </span>
     <span class='ocr_line' id='line_1_3' title="bbox 240 299 1360 350; baseline 0 -12"><span class='ocrx_word' id='word_1_9' title='bbox 240 299 352 346; x_wconf 86' lang='lat' dir='ltr'>Quod</span> <span class='ocrx_word' id='word_1_10' title='bbox 383 299 500 338; x_wconf 89' lang='lat' dir='ltr'>simul</span> <span class='ocrx_word' id='word_1_11' title='bbox 532 311 713 338; x_wconf 90' lang='lat' dir='ltr'>eversum</span> <span class='ocrx_word' id='word_1_12' title='bbox 746 305 833 350; x_wconf 86' lang='lat' dir='ltr'>est,</span> <span class='ocrx_word' id='word_1_13' title='bbox 866 299 996 350; x_wconf 83' lang='lat' dir='ltr'>fragor</span> <span class='ocrx_word' id='word_1_14' title='bbox 1028 299 1184 339; x_wconf 79' lang='lat' dir='ltr'>aethera</span> <span class='ocrx_word' id='word_1_15' title='bbox 1218 301 1360 339; x_wconf 87' lang='lat' dir='ltr'>terruit</span> 
     </span>
     <span class='ocr_line' id='line_1_4' title="bbox 964 360 1115 410; baseline 0 -14"><span class='ocrx_word' id='word_1_16' title='bbox 964 360 1115 410; x_wconf 89' lang='lat' dir='ltr'>ipsum,</span> 
     </span>
     <span class='ocr_line' id='line_1_5' title="bbox 295 415 1208 468; baseline 0.001 -14"><span class='ocrx_word' id='word_1_17' title='bbox 295 416 453 468; x_wconf 89' lang='lat' dir='ltr'>Ictaque</span> <span class='ocrx_word' id='word_1_18' title='bbox 486 415 663 455; x_wconf 84' lang='lat' dir='ltr'><strong>subsedit</strong></span> <span class='ocrx_word' id='word_1_19' title='bbox 693 415 866 468; x_wconf 89' lang='lat' dir='ltr'>pondere</span> <span class='ocrx_word' id='word_1_20' title='bbox 900 417 1013 455; x_wconf 89' lang='lat' dir='ltr'>molis</span> <span class='ocrx_word' id='word_1_21' title='bbox 1044 417 1208 455; x_wconf 86' lang='lat' dir='ltr'>humus.</span> 
     </span>
     <span class='ocr_line' id='line_1_6' title="bbox 236 474 1215 526; baseline 0 -13"><span class='ocrx_word' id='word_1_22' title='bbox 236 475 366 513; x_wconf 84' lang='lat' dir='ltr'>Prima</span> <span class='ocrx_word' id='word_1_23' title='bbox 397 481 526 514; x_wconf 91' lang='lat' dir='ltr'>movet</span> <span class='ocrx_word' id='word_1_24' title='bbox 558 474 681 514; x_wconf 88' lang='lat' dir='ltr'>Cacus</span> <span class='ocrx_word' id='word_1_25' title='bbox 714 474 850 514; x_wconf 88' lang='lat' dir='ltr'>collata</span> <span class='ocrx_word' id='word_1_26' title='bbox 877 475 1025 526; x_wconf 89' lang='lat' dir='ltr'>proelia</span> <span class='ocrx_word' id='word_1_27' title='bbox 1057 475 1215 526; x_wconf 83' lang='lat' dir='ltr'>dextra,</span> 
     </span>
     <span class='ocr_line' id='line_1_7' title="bbox 151 532 1215 584; baseline 0 -12"><span class='ocrx_word' id='word_1_28' title='bbox 151 542 217 573; x_wconf 83' lang='lat'>570</span> <span class='ocrx_word' id='word_1_29' title='bbox 296 533 471 584; x_wconf 88' lang='lat' dir='ltr'>Remque</span> <span class='ocrx_word' id='word_1_30' title='bbox 504 533 614 572; x_wconf 90' lang='lat' dir='ltr'>ferox</span> <span class='ocrx_word' id='word_1_31' title='bbox 647 534 750 572; x_wconf 86' lang='lat' dir='ltr'>saxis</span> <span class='ocrx_word' id='word_1_32' title='bbox 782 532 1059 584; x_wconf 82' lang='lat' dir='ltr'>stipitibusque</span> <span class='ocrx_word' id='word_1_33' title='bbox 1092 535 1215 584; x_wconf 85' lang='lat' dir='ltr'>gerit.</span> 
     </span>
     <span class='ocr_line' id='line_1_8' title="bbox 243 591 1378 643; baseline -0.001 -13"><span class='ocrx_word' id='word_1_34' title='bbox 243 592 339 638; x_wconf 88' lang='lat' dir='ltr'>Quis</span> <span class='ocrx_word' id='word_1_35' title='bbox 371 591 440 631; x_wconf 88' lang='lat' dir='ltr'>ubi</span> <span class='ocrx_word' id='word_1_36' title='bbox 471 592 525 630; x_wconf 87' lang='lat' dir='ltr'>nil</span> <span class='ocrx_word' id='word_1_37' title='bbox 557 593 713 643; x_wconf 83' lang='lat' dir='ltr'>agitur,</span> <span class='ocrx_word' id='word_1_38' title='bbox 745 593 891 642; x_wconf 88' lang='lat' dir='ltr'>patrias</span> <span class='ocrx_word' id='word_1_39' title='bbox 922 592 1020 631; x_wconf 90' lang='lat' dir='ltr'>male</span> <span class='ocrx_word' id='word_1_40' title='bbox 1054 592 1165 631; x_wconf 88' lang='lat' dir='ltr'>fortis</span> <span class='ocrx_word' id='word_1_41' title='bbox 1198 593 1243 630; x_wconf 86' lang='lat' dir='ltr'>ad</span> <span class='ocrx_word' id='word_1_42' title='bbox 1276 596 1378 630; x_wconf 89' lang='lat' dir='ltr'>artes</span> 
     </span>
     <span class='ocr_line' id='line_1_9' title="bbox 297 650 1251 701; baseline 0 -12"><span class='ocrx_word' id='word_1_43' title='bbox 297 650 507 701; x_wconf 85' lang='lat' dir='ltr'>Confugit,</span> <span class='ocrx_word' id='word_1_44' title='bbox 540 656 578 689; x_wconf 91' lang='lat' dir='ltr'>et</span> <span class='ocrx_word' id='word_1_45' title='bbox 609 650 783 689; x_wconf 83' lang='lat' dir='ltr'>flammas</span> <span class='ocrx_word' id='word_1_46' title='bbox 814 662 881 689; x_wconf 88' lang='lat' dir='ltr'>ore</span> <span class='ocrx_word' id='word_1_47' title='bbox 915 656 1077 689; x_wconf 87' lang='lat' dir='ltr'>sonante</span> <span class='ocrx_word' id='word_1_48' title='bbox 1109 652 1251 689; x_wconf 88' lang='lat' dir='ltr'>vomit.</span> 
     </span>
     <span class='ocr_line' id='line_1_10' title="bbox 239 708 1326 761; baseline -0.001 -14"><span class='ocrx_word' id='word_1_49' title='bbox 239 708 343 754; x_wconf 89' lang='lat' dir='ltr'>Quas</span> <span class='ocrx_word' id='word_1_50' title='bbox 376 710 558 760; x_wconf 88' lang='lat' dir='ltr'>quotiens</span> <span class='ocrx_word' id='word_1_51' title='bbox 591 709 760 761; x_wconf 85' lang='lat' dir='ltr'>proflat,</span> <span class='ocrx_word' id='word_1_52' title='bbox 795 710 942 759; x_wconf 88' lang='lat' dir='ltr'>spirare</span> <span class='ocrx_word' id='word_1_53' title='bbox 976 709 1157 760; x_wconf 77' lang='lat' dir='ltr'>Typhoea</span> <span class='ocrx_word' id='word_1_54' title='bbox 1189 708 1326 747; x_wconf 87' lang='lat' dir='ltr'>credas</span> 
     </span>
     <span class='ocr_line' id='line_1_11' title="bbox 296 767 1249 818; baseline 0.001 -13"><span class='ocrx_word' id='word_1_55' title='bbox 296 767 346 805; x_wconf 90' lang='lat' dir='ltr'>Et</span> <span class='ocrx_word' id='word_1_56' title='bbox 376 767 556 818; x_wconf 88' lang='lat' dir='ltr'>rapidum</span> <span class='ocrx_word' id='word_1_57' title='bbox 588 768 759 806; x_wconf 87' lang='lat' dir='ltr'>Aetnaeo</span> <span class='ocrx_word' id='word_1_58' title='bbox 792 767 923 817; x_wconf 81' lang='lat' dir='ltr'>fulgur</span> <span class='ocrx_word' id='word_1_59' title='bbox 955 767 1001 805; x_wconf 88' lang='lat' dir='ltr'>ab</span> <span class='ocrx_word' id='word_1_60' title='bbox 1033 769 1123 818; x_wconf 86' lang='lat' dir='ltr'>igne</span> <span class='ocrx_word' id='word_1_61' title='bbox 1154 769 1249 806; x_wconf 88' lang='lat' dir='ltr'>iaci.</span> 
     </span>
     <span class='ocr_line' id='line_1_12' title="bbox 151 825 1245 876; baseline -0.001 -11"><span class='ocrx_word' id='word_1_62' title='bbox 151 834 218 865; x_wconf 82' lang='lat'>575</span> <span class='ocrx_word' id='word_1_63' title='bbox 241 825 415 876; x_wconf 86' lang='lat' dir='ltr'>Occupat</span> <span class='ocrx_word' id='word_1_64' title='bbox 446 825 624 869; x_wconf 78' lang='lat' dir='ltr'>Alcides,</span> <span class='ocrx_word' id='word_1_65' title='bbox 666 825 910 875; x_wconf 85' lang='lat' dir='ltr'>adductaque</span> <span class='ocrx_word' id='word_1_66' title='bbox 943 825 1047 864; x_wconf 89' lang='lat' dir='ltr'>clava</span> <span class='ocrx_word' id='word_1_67' title='bbox 1080 826 1245 864; x_wconf 90' lang='lat' dir='ltr'>trinodis</span> 
     </span>
     <span class='ocr_line' id='line_1_13' title="bbox 295 883 1157 934; baseline 0.001 -13"><span class='ocrx_word' id='word_1_68' title='bbox 295 883 371 922; x_wconf 88' lang='lat' dir='ltr'>Ter</span> <span class='ocrx_word' id='word_1_69' title='bbox 404 889 542 934; x_wconf 83' lang='lat' dir='ltr'>quater</span> <span class='ocrx_word' id='word_1_70' title='bbox 574 883 725 922; x_wconf 85' lang='lat' dir='ltr'>adversi</span> <span class='ocrx_word' id='word_1_71' title='bbox 757 884 858 922; x_wconf 90' lang='lat' dir='ltr'>sedit</span> <span class='ocrx_word' id='word_1_72' title='bbox 889 886 929 922; x_wconf 92' lang='lat' dir='ltr'>in</span> <span class='ocrx_word' id='word_1_73' title='bbox 962 896 1029 922; x_wconf 92' lang='lat' dir='ltr'>ore</span> <span class='ocrx_word' id='word_1_74' title='bbox 1061 885 1157 922; x_wconf 82' lang='lat' dir='ltr'>viri.</span> 
     </span>
     <span class='ocr_line' id='line_1_14' title="bbox 236 941 1397 994; baseline -0.001 -14"><span class='ocrx_word' id='word_1_75' title='bbox 236 941 303 981; x_wconf 92' lang='lat' dir='ltr'>Ille</span> <span class='ocrx_word' id='word_1_76' title='bbox 337 942 468 994; x_wconf 90' lang='lat' dir='ltr'>cadit,</span> <span class='ocrx_word' id='word_1_77' title='bbox 500 943 721 993; x_wconf 88' lang='lat' dir='ltr'>mixtosque</span> <span class='ocrx_word' id='word_1_78' title='bbox 752 943 873 980; x_wconf 89' lang='lat' dir='ltr'>vomit</span> <span class='ocrx_word' id='word_1_79' title='bbox 905 954 994 981; x_wconf 91' lang='lat' dir='ltr'>cum</span> <span class='ocrx_word' id='word_1_80' title='bbox 1027 943 1215 993; x_wconf 83' lang='lat' dir='ltr'>sanguine</span> <span class='ocrx_word' id='word_1_81' title='bbox 1247 941 1397 993; x_wconf 82' lang='lat' dir='ltr'>fumos,</span> 
     </span>
     <span class='ocr_line' id='line_1_15' title="bbox 294 1000 1243 1052; baseline 0 -13"><span class='ocrx_word' id='word_1_82' title='bbox 294 1000 344 1039; x_wconf 92' lang='lat' dir='ltr'>Et</span> <span class='ocrx_word' id='word_1_83' title='bbox 375 1000 451 1039; x_wconf 90' lang='lat' dir='ltr'>lato</span> <span class='ocrx_word' id='word_1_84' title='bbox 484 1002 656 1039; x_wconf 90' lang='lat' dir='ltr'>moriens</span> <span class='ocrx_word' id='word_1_85' title='bbox 688 1006 848 1051; x_wconf 80' lang='lat' dir='ltr'>pectore</span> <span class='ocrx_word' id='word_1_86' title='bbox 882 1000 1027 1052; x_wconf 85' lang='lat' dir='ltr'>plangit</span> <span class='ocrx_word' id='word_1_87' title='bbox 1059 1001 1243 1040; x_wconf 87' lang='lat' dir='ltr'>humum.</span> 
     </span>
     <span class='ocr_line' id='line_1_16' title="bbox 236 1059 1308 1110; baseline 0 -13"><span class='ocrx_word' id='word_1_88' title='bbox 236 1059 414 1098; x_wconf 89' lang='lat' dir='ltr'>Immolat</span> <span class='ocrx_word' id='word_1_89' title='bbox 445 1071 492 1098; x_wconf 82' lang='lat' dir='ltr'>ex</span> <span class='ocrx_word' id='word_1_90' title='bbox 523 1059 599 1098; x_wconf 88' lang='lat' dir='ltr'>illis</span> <span class='ocrx_word' id='word_1_91' title='bbox 631 1065 787 1098; x_wconf 89' lang='lat' dir='ltr'>taurum</span> <span class='ocrx_word' id='word_1_92' title='bbox 820 1059 918 1110; x_wconf 92' lang='lat' dir='ltr'>tibi,</span> <span class='ocrx_word' id='word_1_93' title='bbox 950 1059 1126 1110; x_wconf 86' lang='lat' dir='ltr'>Iuppiter</span> <span class='ocrx_word' id='word_1_94' title='bbox 1144 1091 1154 1110; x_wconf 97' lang='lat'>,</span> <span class='ocrx_word' id='word_1_95' title='bbox 1187 1070 1308 1097; x_wconf 90' lang='lat' dir='ltr'>unum</span> 
     </span>
     <span class='ocr_line' id='line_1_17' title="bbox 151 1117 1249 1169; baseline 0 -13"><span class='ocrx_word' id='word_1_96' title='bbox 151 1126 218 1157; x_wconf 83' lang='lat'>580</span> <span class='ocrx_word' id='word_1_97' title='bbox 297 1117 429 1156; x_wconf 86' lang='lat' dir='ltr'>Victor</span> <span class='ocrx_word' id='word_1_98' title='bbox 448 1149 458 1169; x_wconf 97' lang='lat'>,</span> <span class='ocrx_word' id='word_1_99' title='bbox 491 1123 530 1156; x_wconf 90' lang='lat' dir='ltr'>et</span> <span class='ocrx_word' id='word_1_100' title='bbox 561 1117 783 1156; x_wconf 86' lang='lat' dir='ltr'>Evandrum</span> <span class='ocrx_word' id='word_1_101' title='bbox 814 1118 1084 1169; x_wconf 84' lang='lat' dir='ltr'>ruricolasque</span> <span class='ocrx_word' id='word_1_102' title='bbox 1117 1124 1249 1156; x_wconf 88' lang='lat' dir='ltr'>vocat.</span> 
     </span>
     <span class='ocr_line' id='line_1_18' title="bbox 239 1176 1357 1228; baseline -0.001 -13"><span class='ocrx_word' id='word_1_103' title='bbox 239 1176 528 1227; x_wconf 88' lang='lat' dir='ltr'>Constituitque</span> <span class='ocrx_word' id='word_1_104' title='bbox 561 1176 664 1227; x_wconf 90' lang='lat' dir='ltr'>sibi,</span> <span class='ocrx_word' id='word_1_105' title='bbox 696 1188 794 1227; x_wconf 91' lang='lat' dir='ltr'>quae</span> <span class='ocrx_word' id='word_1_106' title='bbox 827 1176 989 1215; x_wconf 86' lang='lat' dir='ltr'>Maxima</span> <span class='ocrx_word' id='word_1_107' title='bbox 1023 1177 1167 1215; x_wconf 88' lang='lat' dir='ltr'>dicitur</span> <span class='ocrx_word' id='word_1_108' title='bbox 1185 1207 1197 1228; x_wconf 91' lang='lat'>,</span> <span class='ocrx_word' id='word_1_109' title='bbox 1229 1188 1357 1227; x_wconf 82' lang='lat' dir='ltr'>aram,</span> 
     </span>
     <span class='ocr_line' id='line_1_19' title="bbox 297 1234 1290 1285; baseline 0 -12"><span class='ocrx_word' id='word_1_110' title='bbox 297 1234 369 1273; x_wconf 91' lang='lat' dir='ltr'>Hic</span> <span class='ocrx_word' id='word_1_111' title='bbox 401 1234 468 1273; x_wconf 89' lang='lat' dir='ltr'>ubi</span> <span class='ocrx_word' id='word_1_112' title='bbox 499 1246 590 1285; x_wconf 89' lang='lat' dir='ltr'>pars</span> <span class='ocrx_word' id='word_1_113' title='bbox 622 1234 739 1273; x_wconf 89' lang='lat' dir='ltr'>Urbis</span> <span class='ocrx_word' id='word_1_114' title='bbox 771 1235 817 1273; x_wconf 91' lang='lat' dir='ltr'>de</span> <span class='ocrx_word' id='word_1_115' title='bbox 850 1234 947 1273; x_wconf 86' lang='lat' dir='ltr'>bove</span> <span class='ocrx_word' id='word_1_116' title='bbox 980 1247 1120 1273; x_wconf 89' lang='lat' dir='ltr'>nomen</span> <span class='ocrx_word' id='word_1_117' title='bbox 1153 1235 1290 1273; x_wconf 87' lang='lat' dir='ltr'>habet.</span> 
     </span>
     <span class='ocr_line' id='line_1_20' title="bbox 238 1292 1367 1344; baseline 0 -12"><span class='ocrx_word' id='word_1_118' title='bbox 238 1293 318 1332; x_wconf 88' lang='lat' dir='ltr'>Nec</span> <span class='ocrx_word' id='word_1_119' title='bbox 349 1298 453 1332; x_wconf 90' lang='lat' dir='ltr'>tacet</span> <span class='ocrx_word' id='word_1_120' title='bbox 484 1292 653 1331; x_wconf 89' lang='lat' dir='ltr'>Evandri</span> <span class='ocrx_word' id='word_1_121' title='bbox 684 1300 836 1344; x_wconf 88' lang='lat' dir='ltr'>mater,</span> <span class='ocrx_word' id='word_1_122' title='bbox 868 1305 990 1344; x_wconf 90' lang='lat' dir='ltr'>prope</span> <span class='ocrx_word' id='word_1_123' title='bbox 1022 1298 1176 1344; x_wconf 86' lang='lat' dir='ltr'>tempus</span> <span class='ocrx_word' id='word_1_124' title='bbox 1208 1293 1367 1344; x_wconf 85' lang='lat' dir='ltr'>adesse,</span> 
     </span>
     <span class='ocr_line' id='line_1_21' title="bbox 297 1351 1160 1403; baseline 0.001 -13"><span class='ocrx_word' id='word_1_125' title='bbox 297 1351 465 1390; x_wconf 88' lang='lat' dir='ltr'>Hercule</span> <span class='ocrx_word' id='word_1_126' title='bbox 498 1363 575 1403; x_wconf 90' lang='lat' dir='ltr'>quo</span> <span class='ocrx_word' id='word_1_127' title='bbox 607 1351 724 1391; x_wconf 92' lang='lat' dir='ltr'>tellus</span> <span class='ocrx_word' id='word_1_128' title='bbox 757 1353 807 1390; x_wconf 93' lang='lat' dir='ltr'>sit</span> <span class='ocrx_word' id='word_1_129' title='bbox 839 1353 931 1390; x_wconf 86' lang='lat' dir='ltr'>satis</span> <span class='ocrx_word' id='word_1_130' title='bbox 963 1364 1032 1390; x_wconf 89' lang='lat' dir='ltr'>usa</span> <span class='ocrx_word' id='word_1_131' title='bbox 1065 1364 1160 1391; x_wconf 90' lang='lat' dir='ltr'>suo.</span> 
     </span>
     <span class='ocr_line' id='line_1_22' title="bbox 151 1410 1145 1462; baseline 0.001 -14"><span class='ocrx_word' id='word_1_132' title='bbox 151 1418 218 1449; x_wconf 87' lang='lat'>585</span> <span class='ocrx_word' id='word_1_133' title='bbox 240 1411 287 1449; x_wconf 80' lang='lat' dir='ltr'>At</span> <span class='ocrx_word' id='word_1_134' title='bbox 318 1410 409 1448; x_wconf 85' lang='lat' dir='ltr'>felix</span> <span class='ocrx_word' id='word_1_135' title='bbox 440 1415 576 1462; x_wconf 85' lang='lat' dir='ltr'>vates,</span> <span class='ocrx_word' id='word_1_136' title='bbox 608 1415 653 1449; x_wconf 90' lang='lat' dir='ltr'>ut</span> <span class='ocrx_word' id='word_1_137' title='bbox 684 1410 743 1449; x_wconf 91' lang='lat' dir='ltr'>dis</span> <span class='ocrx_word' id='word_1_138' title='bbox 775 1411 994 1460; x_wconf 83' lang='lat' dir='ltr'>gratissima</span> <span class='ocrx_word' id='word_1_139' title='bbox 1025 1411 1145 1461; x_wconf 85' lang='lat' dir='ltr'>vixit,</span> 
     </span>
     <span class='ocr_line' id='line_1_23' title="bbox 297 1468 1239 1509; baseline 0.001 -2"><span class='ocrx_word' id='word_1_140' title='bbox 297 1468 475 1507; x_wconf 89' lang='lat' dir='ltr'>Possidet</span> <span class='ocrx_word' id='word_1_141' title='bbox 505 1468 611 1507; x_wconf 89' lang='lat' dir='ltr'>hunc</span> <span class='ocrx_word' id='word_1_142' title='bbox 642 1468 725 1507; x_wconf 88' lang='lat' dir='ltr'>Iani</span> <span class='ocrx_word' id='word_1_143' title='bbox 756 1471 812 1507; x_wconf 88' lang='lat' dir='ltr'>sio</span> <span class='ocrx_word' id='word_1_144' title='bbox 844 1468 915 1507; x_wconf 88' lang='lat' dir='ltr'>dea</span> <span class='ocrx_word' id='word_1_145' title='bbox 946 1480 1079 1507; x_wconf 90' lang='lat' dir='ltr'>mense</span> <span class='ocrx_word' id='word_1_146' title='bbox 1113 1468 1239 1509; x_wconf 90' lang='lat' dir='ltr'>diem.</span> 
     </span>
    </p>
   </div>
   <div class='ocr_carea' id='block_1_3' title="bbox 163 1558 1417 1602">
    <p class='ocr_par' dir='ltr' id='par_1_3' title="bbox 163 1558 1417 1602">
     <span class='ocr_line' id='line_1_24' title="bbox 163 1558 1417 1602; baseline 0.002 -2"><span class='ocrx_word' id='word_1_147' title='bbox 163 1559 227 1601; x_wconf 85' lang='lat'>13.</span> <span class='ocrx_word' id='word_1_148' title='bbox 262 1558 300 1600; x_wconf 87' lang='lat' dir='ltr'>E</span> <span class='ocrx_word' id='word_1_149' title='bbox 326 1558 536 1601; x_wconf 75' lang='lat' dir='ltr'>EID-N2</span> <span class='ocrx_word' id='word_1_150' title='bbox 598 1560 662 1601; x_wconf 84' lang='lat'>14.</span> <span class='ocrx_word' id='word_1_151' title='bbox 694 1559 728 1601; x_wconf 87' lang='lat' dir='ltr'><strong>F</strong></span> <span class='ocrx_word' id='word_1_152' title='bbox 752 1559 1417 1602; x_wconf 79' lang='lat' dir='ltr'>ENDIEs-V1T10s-Ex·s·c</span> 
     </span>
    </p>
   </div>
   <div class='ocr_carea' id='block_1_4' title="bbox 148 1643 1395 2401">
    <p class='ocr_par' dir='ltr' id='par_1_4' title="bbox 148 1643 1395 2401">
     <span class='ocr_line' id='line_1_25' title="bbox 238 1643 1240 1695; baseline 0.001 -13"><span class='ocrx_word' id='word_1_153' title='bbox 238 1643 371 1682; x_wconf 86' lang='lat' dir='ltr'>Idibus</span> <span class='ocrx_word' id='word_1_154' title='bbox 402 1645 441 1682; x_wconf 92' lang='lat' dir='ltr'>in</span> <span class='ocrx_word' id='word_1_155' title='bbox 476 1645 604 1695; x_wconf 85' lang='lat' dir='ltr'>magni</span> <span class='ocrx_word' id='word_1_156' title='bbox 636 1649 767 1683; x_wconf 85' lang='lat' dir='ltr'>castus</span> <span class='ocrx_word' id='word_1_157' title='bbox 799 1643 898 1683; x_wconf 89' lang='lat' dir='ltr'>Iovis</span> <span class='ocrx_word' id='word_1_158' title='bbox 931 1644 1024 1683; x_wconf 89' lang='lat' dir='ltr'>aede</span> <span class='ocrx_word' id='word_1_159' title='bbox 1057 1644 1240 1683; x_wconf 87' lang='lat' dir='ltr'>sacerdos</span> 
     </span>
     <span class='ocr_line' id='line_1_26' title="bbox 299 1702 1165 1741; baseline 0 0"><span class='ocrx_word' id='word_1_160' title='bbox 299 1702 524 1741; x_wconf 87' lang='lat' dir='ltr'>Semimaris</span> <span class='ocrx_word' id='word_1_161' title='bbox 556 1702 722 1741; x_wconf 85' lang='lat' dir='ltr'>flammis</span> <span class='ocrx_word' id='word_1_162' title='bbox 754 1704 902 1741; x_wconf 86' lang='lat' dir='ltr'>viscera</span> <span class='ocrx_word' id='word_1_163' title='bbox 935 1702 1029 1741; x_wconf 89' lang='lat' dir='ltr'>libat</span> <span class='ocrx_word' id='word_1_164' title='bbox 1059 1704 1165 1741; x_wconf 92' lang='lat' dir='ltr'>ovis:</span> 
     </span>
     <span class='ocr_line' id='line_1_27' title="bbox 236 1760 1314 1813; baseline 0.001 -14"><span class='ocrx_word' id='word_1_165' title='bbox 236 1760 479 1812; x_wconf 90' lang='lat' dir='ltr'>Redditaque</span> <span class='ocrx_word' id='word_1_166' title='bbox 511 1767 573 1800; x_wconf 88' lang='lat' dir='ltr'>est</span> <span class='ocrx_word' id='word_1_167' title='bbox 603 1762 735 1800; x_wconf 89' lang='lat' dir='ltr'>oneris</span> <span class='ocrx_word' id='word_1_168' title='bbox 765 1761 909 1812; x_wconf 90' lang='lat' dir='ltr'>populo</span> <span class='ocrx_word' id='word_1_169' title='bbox 942 1762 1140 1812; x_wconf 86' lang='lat' dir='ltr'>provincia</span> <span class='ocrx_word' id='word_1_170' title='bbox 1172 1763 1314 1813; x_wconf 87' lang='lat' dir='ltr'>vestri,</span> 
     </span>
     <span class='ocr_line' id='line_1_28' title="bbox 152 1818 1173 1870; baseline 0.001 -12"><span class='ocrx_word' id='word_1_171' title='bbox 152 1827 219 1858; x_wconf 83' lang='lat'>590</span> <span class='ocrx_word' id='word_1_172' title='bbox 298 1818 348 1858; x_wconf 92' lang='lat' dir='ltr'>Et</span> <span class='ocrx_word' id='word_1_173' title='bbox 378 1826 470 1858; x_wconf 91' lang='lat' dir='ltr'>tuus</span> <span class='ocrx_word' id='word_1_174' title='bbox 501 1820 678 1870; x_wconf 81' lang='lat' dir='ltr'>Augusto</span> <span class='ocrx_word' id='word_1_175' title='bbox 710 1821 866 1868; x_wconf 81' lang='lat' dir='ltr'>nomine</span> <span class='ocrx_word' id='word_1_176' title='bbox 898 1819 1028 1859; x_wconf 85' lang='lat' dir='ltr'>dictus</span> <span class='ocrx_word' id='word_1_177' title='bbox 1058 1832 1173 1859; x_wconf 82' lang='lat' dir='ltr'>aVuS.</span> 
     </span>
     <span class='ocr_line' id='line_1_29' title="bbox 237 1876 1254 1930; baseline 0.001 -14"><span class='ocrx_word' id='word_1_178' title='bbox 237 1876 398 1929; x_wconf 85' lang='lat' dir='ltr'>Perlege</span> <span class='ocrx_word' id='word_1_179' title='bbox 431 1878 638 1929; x_wconf 87' lang='lat' dir='ltr'>dispositas</span> <span class='ocrx_word' id='word_1_180' title='bbox 669 1890 858 1929; x_wconf 86' lang='lat' dir='ltr'>generosa</span> <span class='ocrx_word' id='word_1_181' title='bbox 889 1891 961 1930; x_wconf 83' lang='lat' dir='ltr'>per</span> <span class='ocrx_word' id='word_1_182' title='bbox 993 1880 1089 1918; x_wconf 87' lang='lat' dir='ltr'>atria</span> <span class='ocrx_word' id='word_1_183' title='bbox 1121 1890 1254 1918; x_wconf 85' lang='lat' dir='ltr'>ceras:</span> 
     </span>
     <span class='ocr_line' id='line_1_30' title="bbox 295 1935 1143 1987; baseline 0 -12"><span class='ocrx_word' id='word_1_184' title='bbox 295 1936 554 1987; x_wconf 77' lang='lat' dir='ltr'>contigerunt</span> <span class='ocrx_word' id='word_1_185' title='bbox 584 1935 681 1975; x_wconf 90' lang='lat' dir='ltr'>nulli</span> <span class='ocrx_word' id='word_1_186' title='bbox 713 1938 868 1975; x_wconf 90' lang='lat' dir='ltr'>nomina</span> <span class='ocrx_word' id='word_1_187' title='bbox 901 1943 1006 1976; x_wconf 89' lang='lat' dir='ltr'>tanta</span> <span class='ocrx_word' id='word_1_188' title='bbox 1038 1939 1143 1975; x_wconf 91' lang='lat' dir='ltr'>viro.</span> 
     </span>
     <span class='ocr_line' id='line_1_31' title="bbox 237 1994 1225 2047; baseline 0.001 -15"><span class='ocrx_word' id='word_1_189' title='bbox 237 1994 366 2033; x_wconf 85' lang='lat' dir='ltr'>Africa</span> <span class='ocrx_word' id='word_1_190' title='bbox 398 1996 586 2033; x_wconf 87' lang='lat' dir='ltr'>victorem</span> <span class='ocrx_word' id='word_1_191' title='bbox 618 1994 666 2033; x_wconf 92' lang='lat' dir='ltr'>de</span> <span class='ocrx_word' id='word_1_192' title='bbox 699 2007 739 2034; x_wconf 88' lang='lat' dir='ltr'>se</span> <span class='ocrx_word' id='word_1_193' title='bbox 772 2002 911 2047; x_wconf 88' lang='lat' dir='ltr'>vocat,</span> <span class='ocrx_word' id='word_1_194' title='bbox 944 1995 1041 2034; x_wconf 90' lang='lat' dir='ltr'>alter</span> <span class='ocrx_word' id='word_1_195' title='bbox 1072 1995 1225 2034; x_wconf 88' lang='lat' dir='ltr'>Isauras</span> 
     </span>
     <span class='ocr_line' id='line_1_32' title="bbox 296 2052 1174 2106; baseline 0.001 -15"><span class='ocrx_word' id='word_1_196' title='bbox 296 2053 373 2092; x_wconf 83' lang='lat' dir='ltr'>Aut</span> <span class='ocrx_word' id='word_1_197' title='bbox 404 2052 563 2092; x_wconf 91' lang='lat' dir='ltr'>Cretum</span> <span class='ocrx_word' id='word_1_198' title='bbox 596 2053 760 2092; x_wconf 81' lang='lat' dir='ltr'>domitas</span> <span class='ocrx_word' id='word_1_199' title='bbox 792 2054 1024 2092; x_wconf 84' lang='lat' dir='ltr'>testificatur</span> <span class='ocrx_word' id='word_1_200' title='bbox 1055 2065 1174 2106; x_wconf 79' lang='lat' dir='ltr'>opes3</span> 
     </span>
     <span class='ocr_line' id='line_1_33' title="bbox 148 2110 1395 2164; baseline 0.002 -14"><span class='ocrx_word' id='word_1_201' title='bbox 148 2118 215 2150; x_wconf 85' lang='lat'>595</span> <span class='ocrx_word' id='word_1_202' title='bbox 236 2110 349 2150; x_wconf 87' lang='lat' dir='ltr'>Hunc</span> <span class='ocrx_word' id='word_1_203' title='bbox 380 2111 570 2150; x_wconf 88' lang='lat' dir='ltr'>Numidae</span> <span class='ocrx_word' id='word_1_204' title='bbox 602 2112 778 2162; x_wconf 89' lang='lat' dir='ltr'>faciunt,</span> <span class='ocrx_word' id='word_1_205' title='bbox 809 2111 918 2151; x_wconf 88' lang='lat' dir='ltr'>illum</span> <span class='ocrx_word' id='word_1_206' title='bbox 949 2111 1126 2151; x_wconf 85' lang='lat' dir='ltr'>Messana</span> <span class='ocrx_word' id='word_1_207' title='bbox 1157 2111 1395 2164; x_wconf 88' lang='lat' dir='ltr'>superbum:</span> 
     </span>
     <span class='ocr_line' id='line_1_34' title="bbox 293 2169 1172 2210; baseline 0.001 -2"><span class='ocrx_word' id='word_1_208' title='bbox 293 2169 361 2208; x_wconf 88' lang='lat' dir='ltr'>llle</span> <span class='ocrx_word' id='word_1_209' title='bbox 393 2169 630 2209; x_wconf 88' lang='lat' dir='ltr'>Numantina</span> <span class='ocrx_word' id='word_1_210' title='bbox 661 2172 778 2209; x_wconf 88' lang='lat' dir='ltr'>traxit</span> <span class='ocrx_word' id='word_1_211' title='bbox 810 2170 856 2208; x_wconf 85' lang='lat' dir='ltr'>ab</span> <span class='ocrx_word' id='word_1_212' title='bbox 888 2170 986 2209; x_wconf 90' lang='lat' dir='ltr'>urhe</span> <span class='ocrx_word' id='word_1_213' title='bbox 1019 2176 1172 2210; x_wconf 87' lang='lat' dir='ltr'>notam:</span> 
     </span>
     <span class='ocr_line' id='line_1_35' title="bbox 234 2227 1271 2282; baseline 0.002 -15"><span class='ocrx_word' id='word_1_214' title='bbox 234 2227 285 2267; x_wconf 91' lang='lat' dir='ltr'>Et</span> <span class='ocrx_word' id='word_1_215' title='bbox 315 2234 482 2268; x_wconf 90' lang='lat' dir='ltr'>mortem</span> <span class='ocrx_word' id='word_1_216' title='bbox 514 2234 554 2268; x_wconf 90' lang='lat' dir='ltr'>et</span> <span class='ocrx_word' id='word_1_217' title='bbox 584 2241 726 2268; x_wconf 90' lang='lat' dir='ltr'>nomen</span> <span class='ocrx_word' id='word_1_218' title='bbox 759 2228 895 2268; x_wconf 87' lang='lat' dir='ltr'>Druso</span> <span class='ocrx_word' id='word_1_219' title='bbox 919 2228 1124 2268; x_wconf 89' lang='lat' dir='ltr'>Germania</span> <span class='ocrx_word' id='word_1_220' title='bbox 1155 2229 1271 2282; x_wconf 82' lang='lat' dir='ltr'>fecit3</span> 
     </span>
     <span class='ocr_line' id='line_1_36' title="bbox 295 2286 1294 2339; baseline 0.002 -13"><span class='ocrx_word' id='word_1_221' title='bbox 295 2286 355 2325; x_wconf 86' lang='lat' dir='ltr'>Me</span> <span class='ocrx_word' id='word_1_222' title='bbox 387 2289 576 2327; x_wconf 88' lang='lat' dir='ltr'>miserum</span> <span class='ocrx_word' id='word_1_223' title='bbox 596 2319 607 2339; x_wconf 94' lang='lat'>,</span> <span class='ocrx_word' id='word_1_224' title='bbox 638 2289 763 2326; x_wconf 90' lang='lat' dir='ltr'>virtus</span> <span class='ocrx_word' id='word_1_225' title='bbox 795 2299 911 2338; x_wconf 88' lang='lat' dir='ltr'>quam</span> <span class='ocrx_word' id='word_1_226' title='bbox 943 2287 1073 2327; x_wconf 90' lang='lat' dir='ltr'>brevis</span> <span class='ocrx_word' id='word_1_227' title='bbox 1104 2288 1166 2327; x_wconf 90' lang='lat' dir='ltr'>illa</span> <span class='ocrx_word' id='word_1_228' title='bbox 1199 2288 1294 2328; x_wconf 84' lang='lat' dir='ltr'>fuit!</span> 
     </span>
     <span class='ocr_line' id='line_1_37' title="bbox 241 2344 1276 2401; baseline 0.003 -18"><span class='ocrx_word' id='word_1_229' title='bbox 241 2344 281 2384; x_wconf 92' lang='lat' dir='ltr'>Si</span> <span class='ocrx_word' id='word_1_230' title='bbox 311 2350 418 2396; x_wconf 91' lang='lat' dir='ltr'>petat</span> <span class='ocrx_word' id='word_1_231' title='bbox 449 2358 469 2384; x_wconf 91' lang='lat' dir='ltr'>a</span> <span class='ocrx_word' id='word_1_232' title='bbox 501 2347 614 2386; x_wconf 88' lang='lat' dir='ltr'>victis</span> <span class='ocrx_word' id='word_1_233' title='bbox 633 2377 644 2398; x_wconf 94' lang='lat'>,</span> <span class='ocrx_word' id='word_1_234' title='bbox 676 2351 733 2385; x_wconf 89' lang='lat' dir='ltr'>tot</span> <span class='ocrx_word' id='word_1_235' title='bbox 765 2353 892 2385; x_wconf 87' lang='lat' dir='ltr'>sumat</span> <span class='ocrx_word' id='word_1_236' title='bbox 925 2348 1080 2386; x_wconf 89' lang='lat' dir='ltr'>nomina</span> <span class='ocrx_word' id='word_1_237' title='bbox 1113 2346 1276 2401; x_wconf 89' lang='lat' dir='ltr'>Caesar,</span> 
     </span>
    </p>
   </div>
  </div>
 </body>
</html>
