1570 2527
190 114 248 155 40
744 113 967 146 TRISTIUM

247 231 289 262 70
310 222 413 261 Haec
441 233 597 273 quoque
631 226 742 260 erant
772 221 937 272 pedibus
969 233 1047 259 non
1080 221 1256 260 adeunda
1287 223 1410 261 meis.

309 281 388 319 Nec
422 293 482 319 me
502 311 512 331 ‚
546 291 643 330 quae
676 274 801 318 doctis
832 285 1045 331 patuerunt
1075 281 1200 330 prima
1232 279 1396 332 libellis,

309 341 416 378 Atria
447 338 624 376 Libertas
657 343 815 389 tangere
847 350 960 389 passa
992 350 1061 376 sua
1093 344 1175 377 est.

310 397 352 436 In
386 409 508 447 genus
542 398 713 435 auctoris
746 398 880 435 miseri
913 397 1069 435 fortuna
1100 396 1316 448 redundat,

310 455 358 493 Et
390 456 560 505 patimur
593 456 673 493 nati
692 486 702 506 7
735 467 851 505 quam
882 454 973 493 tulit.
1003 456 1112 505 ipse,
1144 455 1298 506 fugam.

246 523 288 554 75
311 513 489 552 Forsitan
524 519 561 551 et
593 513 704 551 nobis
738 513 828 551 olim
860 514 990 551 minus
1023 524 1136 562 asper
1168 518 1207 551 et
1238 512 1295 550 illi

309 572 468 610 Evictus
500 571 614 622 longo
647 577 823 621 tempore
857 570 997 609 Caesar
1030 572 1129 609 erit.

309 630 384 682 Di,
416 641 586 682 precor,
625 635 740 680 atque
774 629 867 667 adeo
896 650 951 656 --
984 640 1111 680 neque
1152 630 1256 667 enim
1288 627 1384 668 mihi
1414 626 1527 667 turha

844 687 1014 738 roganda
1048 693 1107 725 est
1137 709 1184 714 —

310 746 480 799 Caesar,
513 746 604 785 ades
637 752 756 798 voto,
789 748 954 784 maxime
988 745 1102 797 dive,
1135 744 1247 784 meo!

310 805 491 856 Interea,
526 803 708 855 quoniam
742 806 856 842 statio
887 804 984 842 mihi
1020 803 1175 855 publica
1208 803 1338 842 clausa
1370 809 1453 854 est,

245 872 289 903 80
310 863 464 901 Privato
498 862 611 901 liceat
644 862 844 901 delituisse
878 861 983 900 loco!

310 921 385 959 Vos
419 933 574 972 quoque
594 953 604 973 ‚
638 923 669 960 si
702 922 757 959 sas
791 927 878 973 est,
911 920 1072 959 confusa
1103 919 1253 971 pudore
1285 919 1464 971 repulsae

312 979 461 1019 Sumite
494 979 667 1030 plebeiae
701 981 871 1018 carmina
903 984 1035 1017 nostra
1068 977 1225 1018 manus!

830 1107 889 1153 Π.

311 1213 413 1264 Ergo
448 1218 529 1252 erat
561 1214 600 1251 in
633 1213 721 1251 satis
755 1212 950 1263 Scythiam
983 1224 1139 1263 quoque
1172 1212 1299 1251 visere
1331 1210 1501 1261 nostris,

313 1272 497 1322 Quaeque
530 1271 722 1322 Lycaonio
755 1276 859 1309 terra
893 1270 964 1309 sub
998 1282 1067 1308 axe
1099 1267 1233 1309 iacet?

311 1329 391 1368 Neo
424 1342 491 1368 vos
515 1360 526 1378 ,
559 1329 734 1368 Pierides
753 1361 763 1381 ,
795 1341 867 1367 nec
901 1330 1019 1379 stirps
1052 1328 1214 1381 Letoia,
1246 1333 1377 1367 vestro

311 1388 431 1426 Docta
464 1388 658 1426 sacerdoti
690 1387 803 1426 turba
835 1386 980 1425 tulistis
1012 1399 1148 1437 opem.

272 1454 290 1485 5
312 1446 391 1485 Nee
424 1446 549 1498 mihi,
582 1446 685 1496 quod
718 1446 795 1484 lusi
826 1457 918 1483 vero
952 1447 1035 1483 sine
1069 1446 1232 1483 crimine
1252 1476 1262 1496 ‚
1294 1443 1477 1496 prodest,

314 1504 503 1555 Quodque
538 1505 659 1555 magis
692 1506 769 1542 vita
801 1503 910 1542 Musa
941 1505 1066 1542 iocata
1097 1516 1182 1542 mea
1214 1508 1297 1554 est,

311 1563 484 1602 Plurima
516 1562 583 1601 sed
616 1562 751 1613 pelago
785 1568 967 1612 terraque
999 1562 1173 1613 pericula
1204 1572 1363 1612 passum

310 1622 431 1660 Ustus
463 1621 509 1659 ab
543 1621 698 1659 assiduo
731 1621 876 1672 frigore
908 1620 1057 1659 Pontus
1088 1620 1227 1658 habet.

314 1679 467 1730 Quique
501 1679 617 1728 fugax
649 1691 780 1717 rerum
814 1691 1029 1728 securaque
1063 1679 1103 1716 in
1136 1679 1214 1716 otia
1246 1681 1385 1728 natus,

250 1746 292 1776 10
313 1737 438 1775 Mollis
472 1743 509 1775 et
541 1738 736 1787 inpatiens
769 1742 856 1775 ante
890 1735 1034 1774 laboris
1067 1748 1197 1788 eram,

313 1796 452 1835 Ultima
486 1807 589 1834 nunc
622 1796 777 1846 patior,
819 1806 891 1833 nec
923 1807 984 1832 me
1017 1806 1123 1833 mare
1161 1793 1354 1846 portubus
1393 1791 1532 1832 orbum

312 1854 483 1893 Perdere
504 1885 514 1905 ‚
547 1853 722 1892 diversae
755 1865 827 1892 nec
859 1859 1023 1903 potuere
1056 1854 1164 1904 viae,

315 1913 554 1963 Suffecitque
589 1912 698 1950 malis
731 1913 911 1950 animus.
962 1923 1050 1949 nam
1084 1922 1227 1962 corpus
1259 1909 1305 1949 ab
1337 1909 1402 1948 illo

314 1972 475 2022 Accepit
506 1972 609 2008 vires
641 1971 781 2020 vixque
814 1969 974 2008 ferenda
1007 1969 1118 2008 tulit.

253 2038 293 2068 15
315 2029 414 2068 Dum
447 2036 575 2067 tamen
609 2034 647 2067 et
678 2029 795 2067 terris
828 2028 970 2066 dubius
1002 2027 1174 2066 iactabar
1207 2032 1246 2066 et
1276 2027 1414 2079 undis,

314 2087 486 2126 Fallebat
518 2099 632 2126 curas
665 2098 856 2138 aegraque
890 2086 1005 2125 corda
1037 2086 1169 2125 labor:

316 2146 365 2185 Ut
397 2147 457 2184 via
489 2146 596 2184 finita
630 2151 689 2184 est
720 2152 760 2184 et
791 2157 888 2196 opus
920 2146 1113 2194 requievit
1145 2143 1286 2196 eundi,

316 2203 365 2242 Et
396 2216 543 2255 poenae
577 2204 692 2243 tellus
725 2209 785 2243 est
815 2203 912 2242 mihi
942 2208 1044 2242 tacta
1077 2214 1206 2253 meae,

315 2262 376 2301 Nil
408 2264 485 2301 nisi
516 2263 610 2302 ssere
643 2262 765 2315 libet,
797 2274 869 2301 nec
901 2267 1035 2300 nostro
1067 2262 1221 2312 parcior
1252 2259 1377 2299 imber

253 2330 295 2361 ⁶20
317 2320 510 2369 Lumine,
543 2321 590 2359 de
623 2333 739 2360 verna
773 2333 888 2371 quam
919 2321 1006 2359 nive
1038 2324 1168 2358 manat
1200 2330 1320 2369 aqua.
