1570 2527
555 106 616 137 1v.
643 107 709 138 629
719 124 752 128 -
761 105 839 138 694.
1288 100 1372 141 303

149 214 308 254 Faunus
340 213 479 265 adest,
511 215 722 264 oviumque
753 224 936 264 premens
969 212 1066 263 pede
1099 211 1241 251 vellera
1273 211 1371 250 duro

208 273 340 312 Edidit
371 284 392 310 a
423 271 560 310 dextro
595 271 683 310 talia
716 271 818 310 (licta
851 277 959 310 toro:

62 340 129 372 665
152 329 297 370 eMorte
328 331 448 369 houm
480 330 549 369 tibi
569 362 580 382 ‚
612 342 680 369 rex
700 362 710 382 ,
744 329 876 368 Tellus
907 329 1094 380 placanda
1125 329 1318 368 duarum:

210 390 282 429 Det
313 391 435 428 sacris
469 390 615 427 animas
648 401 724 427 una
756 395 891 427 necata
924 385 1066 426 duas.'

148 448 356 487 Excutitur
388 454 542 487 terrore
575 448 715 498 quies:
760 447 883 486 Numa
916 448 997 485 visa
1028 446 1213 499 revolvit,

209 507 258 545 Et
291 519 425 546 secum
458 506 638 557 ambages
671 518 862 557 caecaque
895 507 1001 544 iussa
1032 506 1178 544 refert.

149 565 317 617 Expedit
348 572 544 604 errantem
578 565 737 603 Nemori
768 566 986 615 gratissima
1020 565 1187 602 coniunx

62 634 128 665 670
208 624 258 663 Et
290 624 387 663 dixit
419 621 619 675 ‘gravidae
652 625 827 674 posceris
861 629 947 662 exta
980 619 1134 661 bovis.'

149 683 247 722 Exta
280 682 389 721 bovis
422 682 602 734 gravidae
634 682 776 721 dantur
795 713 806 734 ‚
839 681 989 720 felicior
1022 693 1146 720 annus

208 742 423 792 Provenit‚
456 747 495 780 et
527 742 698 780 fructum
732 747 835 779 terra
868 752 1068 792 pecusque
1102 741 1256 778 ferunt.

150 800 258 840 Hanc
292 800 487 851 quondam
519 799 710 851 Cytherea
743 799 844 837 diem
878 800 1154 850 properantius
1185 800 1243 836 ire

211 858 330 898 Iussit
361 865 401 898 et
433 858 622 897 admissos
654 859 924 909 praecipitavit
956 869 1102 908 equos,

63 927 129 958 675
150 917 200 957 Ut
231 917 388 956 titulum
419 918 573 968 imperii
606 928 696 955 cum
728 917 899 966 primum
931 916 1017 954 luce
1051 916 1232 966 sequenti

209 977 384 1027 Augusto
417 976 549 1014 iuveni
580 987 771 1026 prospera
801 974 899 1013 bella
933 974 1093 1013 darent.

334 1068 400 1108 17.
434 1065 513 1108 CN
535 1078 664 1107 Lvm
730 1067 794 1108 18.
827 1065 913 1106 DN
936 1077 1066 1106 Lvm

153 1152 228 1191 Sed
260 1154 335 1191 iam
367 1153 598 1203 praeteritas
631 1156 794 1201 quartus
826 1149 899 1188 tibi
930 1149 1089 1188 Lucifer
1121 1149 1212 1188 Idus

210 1211 415 1262 Respicit;
447 1210 518 1248 hac
550 1209 702 1260 Hyades
736 1208 878 1246 Dorida
910 1214 1025 1247 nocte
1058 1214 1215 1246 tenent.

361 1302 424 1343 19.
457 1301 493 1342 Ε
522 1299 722 1342 CER-N
747 1311 1054 1341 LVD-IN-cm

151 1386 284 1426 Tertia
316 1392 404 1438 post
435 1385 587 1436 Hyadas
620 1397 709 1423 cum
741 1384 806 1423 lux
839 1385 914 1422 erit
946 1389 1028 1422 orta
1063 1388 1256 1435 remotas,

65 1453 132 1485 680
212 1445 377 1484 Carcere
411 1446 575 1496 partitos
607 1443 744 1482 Circus
777 1442 935 1481 habebit
966 1454 1110 1492 equos.

153 1503 231 1543 Cur
263 1506 383 1555 igitur
415 1505 555 1542 missae
587 1503 728 1541 vinctis
761 1501 936 1540 ardentia
968 1500 1092 1539 taedis

211 1562 336 1614 Terga
368 1562 496 1601 ferant
527 1561 659 1612 volpes
679 1593 689 1612 ,
721 1572 836 1599 causa
869 1559 1043 1598 docenda
1077 1559 1171 1598 mihi
1203 1565 1285 1598 est.

154 1621 309 1672 Frigida
342 1620 534 1660 Carseolis
566 1632 639 1658 nec
672 1619 781 1658 olivis
815 1624 902 1669 apta
934 1618 1106 1657 serendis

212 1679 363 1732 Terra,
397 1679 465 1718 sed
498 1678 543 1718 ad
577 1684 728 1729 segetes
760 1679 987 1728 ingeniosus
1020 1688 1134 1727 ager.

65 1747 131 1779 685
154 1738 232 1777 Hac
265 1751 335 1790 ego
368 1737 571 1789 Paelignos
590 1768 601 1788 7
634 1736 773 1775 natalia
805 1748 898 1775 rura
917 1767 927 1787 ‚
958 1735 1162 1787 petebam,

211 1797 363 1849 Parva,
396 1797 463 1835 sed
497 1796 663 1835 assiduis
696 1795 806 1834 obvia
839 1806 995 1845 semper
1027 1796 1160 1845 aquis.

153 1855 326 1907 Hospitis
358 1856 509 1906 antiqui
540 1855 673 1893 solitas
704 1855 936 1893 intravimus
969 1853 1109 1904 aedes;

211 1914 441 1965 Dempserat
472 1915 646 1952 emeritis
677 1914 752 1951 iam
784 1915 873 1963 iuga
905 1911 1087 1950 Phoebus
1121 1912 1254 1961 equis.

154 1973 190 2011 ls
223 1972 317 2010 mihi
349 1972 469 2011 multa
496 1972 653 2022 quidem
672 2002 682 2022 ,
715 1971 783 2009 sed
816 1977 854 2009 et
885 1969 981 2008 haec
1011 1981 1170 2007 narrare
1204 1967 1373 2021 solebat,

65 2040 133 2072 690
212 2030 320 2070 Unde
354 2043 482 2069 meum
515 2042 702 2081 praesens
733 2031 999 2068 instrueretur
1031 2040 1154 2078 opus:

155 2087 278 2129 ‘Hoc'
312 2091 364 2129 ait
396 2087 456 2128 ‘in
490 2085 646 2140 campo’
682 2110 723 2115 ——
757 2099 1014 2138 campumque
1048 2086 1219 2125 ostendit
1252 2108 1294 2112 —

883 2143 1072 2183 ‘habebat

213 2207 294 2246 Rus
326 2207 444 2246 breve
477 2218 565 2245 cum
598 2206 696 2244 duro
730 2217 844 2256 parca
878 2204 1012 2243 colona
1044 2205 1150 2243 viro.

157 2266 221 2306 ille
254 2278 363 2305 suam
395 2265 605 2317 peragebat
637 2265 828 2315 humum,
861 2265 940 2302 sive
974 2274 1069 2301 usus
1102 2263 1241 2312 aratri,

215 2324 292 2364 Seu
325 2337 464 2364 curvae
496 2324 634 2376 falcis,
667 2325 746 2362 sive
778 2322 948 2361 bidentis
981 2328 1085 2360 erat.
