1570 2527
119 113 203 154 216
649 115 903 148 FASTORUM

150 232 214 263 105
235 223 406 263 Lucidus
438 224 500 261 hic
532 235 598 261 aer
630 229 669 262 et
700 235 798 274 quae
830 225 903 262 tria
936 236 1099 275 corpora
1131 230 1302 279 restant,

295 283 429 332 Ignis,
462 294 582 332 aquae
602 313 612 333 ,
644 281 788 334 tellus,
820 295 922 321 unus
955 295 1116 321 acervus
1149 289 1253 323 erat.

235 340 285 378 Ut
317 339 435 378 semel
466 340 561 378 11300
593 352 727 378 rerum
759 343 921 379 secessit
952 341 1018 380 lite
1052 354 1237 394 suarum,

294 398 414 448 Inque
447 410 564 436 novas
597 398 689 436 abiit
720 411 845 437 massa
878 399 1001 438 soluta
1034 399 1191 451 domos,

234 456 403 494 Flamma
435 458 533 507 petit
564 456 684 495 altum
703 488 713 508 ‚
744 459 903 507 propior
934 457 1044 496 locus
1076 462 1164 496 aera
1196 459 1319 510 cepit,

150 523 213 553 110
294 514 487 553 Sederunt
520 515 646 553 medio
680 521 784 553 terra
817 517 1038 566 fretumque
1071 516 1178 555 solo.

234 572 343 611 Tunc
376 584 473 624 ego,
501 575 569 624 qui
594 574 742 611 fueram
770 573 906 624 globus
933 580 972 612 et
1004 576 1087 612 sine
1113 575 1278 625 imagine
1304 573 1445 624 moles,

291 630 333 669 In
366 632 502 669 faciem
536 632 635 670 redii
667 632 857 682 dignaque
891 632 1065 670 membra
1097 633 1192 672 deo.

231 689 344 728 Nunc
372 702 556 741 quoque,
590 691 772 728 confusae
801 691 994 741 quondam
1020 696 1110 729 nota
1136 703 1252 742 parva
1278 691 1444 744 figurae,

290 748 388 786 Ante
423 748 525 799 qne-d
559 755 618 787 est
649 751 688 786 in
721 761 781 787 me
814 755 1010 801 postque,
1042 750 1194 788 videtur
1226 749 1351 789 idem.

147 814 210 844 115
231 806 403 858 Accipe,
438 809 634 857 quaesitae
668 820 765 858 quae
798 819 914 846 causa
946 809 995 846 sit
1027 808 1145 846 altera
1177 808 1346 860 formae,

290 864 396 903 Hanc
430 866 544 903 simul
578 871 619 904 ut
652 867 758 904 noris
790 866 1039 916 officiumque
1071 878 1223 905 meum.

232 922 427 974 Quidquid
463 923 607 974 ubique
640 924 776 975 vides,
809 924 987 975 caelum,
1020 936 1125 962 mare
1145 956 1155 974 ,
1188 924 1317 963 nubila
1337 955 1346 973 ,

956 988 1105 1034 terras,

290 1039 425 1078 Omnia
459 1045 550 1078 sunt
581 1046 714 1078 nostra
747 1041 875 1079 clausa
907 1046 1119 1091 patentque
1152 1053 1289 1080 manu.

230 1097 290 1136 Me
324 1110 445 1148 penes
477 1104 536 1136 est
568 1111 690 1136 unum
723 1101 819 1137 vasti
852 1099 1026 1137 custodia
1058 1099 1216 1150 mundi,

144 1164 208 1194 120
289 1156 337 1194 Et
369 1158 429 1194 ius
462 1157 639 1194 vertendi
672 1157 840 1194 cardinis
873 1169 986 1194 omne
1018 1169 1147 1195 meum
1180 1163 1261 1196 est.

230 1214 325 1252 Cum
358 1214 470 1252 libuit
501 1214 639 1252 Pacem
673 1214 834 1264 placidis
866 1217 1045 1253 emittere
1077 1217 1215 1267 tectis,

289 1272 424 1310 Libera
458 1279 668 1322 perpetuas
700 1273 870 1311 ambulat
901 1273 963 1311 illa
996 1275 1098 1313 vias.

231 1330 427 1381 Sanguine
458 1331 611 1368 letifero
644 1336 749 1369 totus
781 1331 1011 1369 miscebitur
1043 1331 1173 1382 orbis,

288 1389 336 1427 Ni
369 1395 527 1427 teneant
558 1389 703 1439 rigidae
738 1390 891 1428 condita
923 1389 1020 1428 bella
1054 1402 1184 1428 serae.

145 1454 209 1485 125
231 1447 440 1485 Praesideo
473 1447 623 1485 foribus
656 1447 750 1486 caeli
784 1461 872 1486 cum
905 1448 1064 1486 mitibus
1095 1448 1232 1487 Horis:

287 1506 318 1544 It
338 1537 348 1557 ,
382 1506 483 1543 redit
514 1506 641 1544 officio
674 1506 848 1556 Iuppiter
881 1508 963 1556 ipse
997 1519 1104 1544 meo.

229 1563 322 1602 Inde
355 1576 472 1602 vocor
504 1564 646 1602 lanus.
705 1566 769 1602 cui
801 1577 889 1603 cum
922 1564 1069 1603 Ceriale
1103 1564 1282 1603 sacerdos

287 1622 455 1672 imponit
486 1622 608 1660 libum
640 1623 820 1673 farraque
852 1624 969 1661 mixta
1003 1623 1102 1670 sale,

228 1680 391 1718 Nomina
423 1680 599 1719 ridebis:
643 1682 756 1719 modo
790 1693 956 1732 namque
989 1681 1186 1719 Patulcius
1216 1681 1319 1719 idem

143 1747 207 1776 130
287 1738 335 1775 Et
368 1739 481 1776 modo
514 1740 689 1776 sacrifico
722 1739 876 1777 Clusius
909 1751 976 1777 ore
1009 1751 1147 1777 vocor.

231 1796 389 1834 Scilicet
421 1797 569 1834 alterno
596 1797 716 1835 voluit
748 1797 856 1835 rudis
889 1797 951 1835 illa
984 1803 1156 1835 vetustas

288 1855 450 1892 Nomine
483 1855 672 1905 diversasu
688 1856 904 1906 significare
937 1856 1063 1893 vices.

227 1912 292 1950 Vis
324 1925 408 1951 mea
441 1920 593 1951 narrata
627 1919 713 1952 est.
771 1926 925 1952 causam
958 1926 1062 1952 nunc
1094 1913 1198 1952 disce
1232 1913 1400 1963 figurae:

288 1971 365 2009 lam
398 1978 526 2009 tamen
560 1972 658 2009 lianc
691 1972 814 2022 aliqua
848 1978 890 2010 tu
923 1984 1078 2023 quoque
1111 1977 1220 2023 parte
1253 1972 1380 2011 vides.

142 2038 207 2068 135
229 2029 364 2068 Omnis
395 2030 512 2068 habet
543 2032 745 2083 geminas,
776 2030 867 2069 hinc
899 2036 1015 2080 atque
1048 2031 1166 2082 hinc,
1197 2032 1312 2069 ianua

951 2090 1114 2140 frontis,

286 2146 316 2184 E
349 2147 491 2198 quibus
523 2147 618 2185 haec
649 2147 836 2199 populum
868 2154 1017 2197 spectat
1036 2178 1046 2198 ‚
1079 2152 1117 2185 at
1148 2146 1210 2184 illa
1242 2146 1383 2185 larem.

227 2204 353 2254 thue
387 2206 526 2243 sedens
559 2208 674 2256 priini
707 2213 834 2244 vester
864 2218 985 2256 prope
1018 2205 1147 2243 limina
1179 2206 1273 2243 tecti

286 2263 429 2301 Ianitor
461 2277 643 2313 egressus
676 2266 939 2315 introitusque
973 2263 1100 2313 videt,

181 2333 183 2335 ·
229 2320 292 2359 Sic
324 2334 394 2372 ego
425 2324 622 2373 perspicio
656 2322 834 2361 caelestis
866 2324 1008 2361 ianitor
1040 2321 1147 2360 aulae
