1570 2527
1350 49 1384 83 V

43 157 189 196 saeculi
219 157 351 206 quarti
381 159 452 196 aut
483 157 627 207 quinti:
660 170 776 207 quem
807 157 992 197 credibile
1023 158 1127 197 foret
1152 157 1382 197 Horatianis

45 218 86 255 et
104 216 346 265 Vergilianis
373 216 540 255 similem
567 216 702 265 spuria
726 218 874 266 vetera,
901 216 1076 255 difficilia
1101 217 1274 266 inventu,
1302 230 1381 255 ser-

21 285 168 323 'vasse,
201 275 269 313 sed
300 276 471 313 alterum
502 276 659 313 tantum
689 275 866 314 noviciae
900 275 1063 325 originis
1089 276 1298 314 omissione
1325 277 1382 314 in-

42 333 274 372 dicaturum.

161 391 261 430 Sunt
302 392 422 430 etiam
458 392 500 429 in
536 393 610 431 hoc
641 392 840 431 volumine
872 405 973 442 quae
1003 405 1082 431 non
1113 394 1252 431 eodem
1284 402 1381 432 aevo

41 450 220 500 prodisse
252 450 478 500 videantur3
511 463 555 489 ac
587 451 778 489 librorum
809 452 966 489 bonitas
991 453 1150 501 poterat
1175 452 1222 490 de
1248 452 1381 490 arche-

41 511 140 559 typo
178 510 397 548 admonere.
473 509 541 547 sed
578 510 736 559 cognati
775 510 843 559 qui
880 509 956 548 dici
993 510 1162 559 possint,
1205 513 1382 559 praeter-

43 581 161 617 quam
187 568 441 606 Ponticorum
472 569 540 617 qui
571 580 611 606 se
639 568 847 617 excipiunt,
881 581 928 606 ex
959 569 1064 607 omni
1094 581 1256 608 numero
1284 569 1382 608 duos

40 638 120 664 non
155 627 328 674 invenio,
365 626 510 663 nedum
548 638 571 663 a
609 628 764 665 saeculo
802 627 938 675 quinto
977 627 1043 676 qui
1080 630 1313 676 repetantur
1344 629 1384 665 et

41 684 246 733 archetypi
272 683 444 733 effigiem
469 685 716 723 resuscitent.
791 685 898 723 aliud
925 686 1143 735 observavi,
1175 686 1280 735 quod
1305 699 1384 724 non

41 743 193 792 aliquot
229 743 412 781 carminis
451 743 615 781 alicuius
653 742 830 781 codicum
867 743 1091 793 affinitatis,
1132 745 1199 782 sed
1237 746 1383 783 veteris

43 801 244 840 cuiusdam
277 814 439 850 operum
470 802 716 840 contubernii
748 802 1077 852 significationem
1103 803 1200 840 mihi
1224 803 1382 851 habeat,

40 873 112 899 nec
148 860 264 899 unius
301 860 507 910 archetypi
544 860 894 899 conformationem
931 861 1035 910 quod
1073 862 1270 911 designet,
1316 862 1385 900 sed

41 919 349 968 archetyporum
386 919 560 957 omnium
593 932 683 957 eum
714 919 911 968 habitum,
949 919 997 957 de
1030 933 1106 969 quo
1139 921 1383 970 quaerimus3

40 990 112 1016 nec
136 979 294 1016 tantum
318 978 665 1027 interpolationem
691 978 899 1028 duplicem,
932 991 1031 1027 quae
1059 979 1110 1016 sit
1135 980 1241 1017 ultra
1266 981 1382 1017 citra-

41 1049 114 1086 que
141 1038 342 1074 saeculum
367 1037 559 1086 quintum,
586 1037 654 1075 sed
678 1037 840 1075 tertiam
867 1038 1172 1087 archetyporum
1191 1039 1379 1087 ipsorum.

41 1095 242 1145 singulare
286 1098 347 1134 est
389 1108 434 1134 ac
471 1108 632 1145 prorsus
676 1096 905 1144 fortuitum,
946 1109 1025 1134 non
1069 1096 1172 1145 quod
1209 1096 1258 1134 ad
1297 1097 1384 1134 aevi

44 1154 313 1192 obscurissimi
358 1155 619 1193 reconditiora
659 1155 927 1204 pernoscenda
974 1155 1145 1193 multum
1195 1155 1382 1204 conferat,

44 1212 112 1250 sed
156 1213 259 1263 quod
305 1213 590 1263 propemodum
633 1213 803 1252 sufficiet
839 1214 890 1252 ad
928 1226 989 1262 ea,
1038 1226 1140 1263 quae
1190 1214 1231 1252 in
1270 1227 1384 1263 prae-

42 1271 144 1310 senti
173 1271 468 1321 ingravescunt,
501 1272 654 1311 utiliter
686 1272 936 1322 expedienda.

159 1330 340 1368 Antehac
370 1343 557 1370 versuum
582 1331 963 1380 proscribendorum,
996 1331 1261 1370 eiciendorum
1286 1332 1382 1381 legi—

41 1389 140 1426 tima
170 1389 271 1427 ratio
301 1390 412 1427 nulla
438 1392 535 1438 erat,
565 1390 642 1427 nisi
666 1390 735 1427 ubi
759 1390 899 1427 idoneo
927 1393 1162 1438 suppetente
1188 1393 1384 1439 apparatu

42 1447 110 1496 qui
141 1447 325 1485 adessent
354 1448 396 1485 in
425 1448 711 1486 recentioribus
742 1448 867 1496 libris,
896 1448 1080 1486 abessent
1112 1450 1161 1487 ab
1187 1449 1383 1498 antiquio-

42 1505 162 1543 ribus.
237 1508 329 1544 sunt
360 1506 463 1544 enim
495 1506 633 1544 eodem
664 1507 748 1544 loco
782 1519 858 1555 quo
897 1519 1037 1545 vocum
1069 1509 1110 1544 et
1140 1507 1383 1545 locutionum

41 1564 393 1602 contaminationes
431 1567 472 1602 et
511 1577 557 1602 ex
598 1565 745 1603 saeculi
783 1565 970 1615 cuiusque
1009 1565 1241 1604 eruditionis
1279 1579 1383 1615 penu

39 1622 135 1660 nati.
209 1635 256 1660 ea
286 1635 425 1660 norma
456 1623 490 1661 si
521 1623 636 1660 facile
668 1624 899 1673 carendum,
937 1624 1007 1662 ubi
1037 1637 1200 1673 prorsus
1233 1625 1383 1663 absona

41 1683 267 1730 occurrunt,
305 1681 409 1730 quod
439 1681 566 1720 rarius
598 1682 639 1719 in
669 1682 898 1720 melioribus
930 1683 1060 1732 libris,
1098 1683 1290 1721 utendum
1321 1685 1383 1722 ta-

40 1752 131 1777 men
168 1752 448 1789 saepenumero
488 1741 530 1778 in
561 1753 603 1778 re
642 1741 815 1790 ancipiti.
888 1741 956 1779 sed
992 1743 1033 1779 in
1075 1742 1146 1780 hoc
1184 1743 1383 1781 volumine

39 1811 227 1836 versuum
264 1811 400 1837 eorum
438 1799 601 1849 exiguus
639 1799 812 1838 innotuit
847 1813 1046 1839 numerus.
1116 1801 1262 1839 saeculi
1296 1810 1383 1839 XIII

40 1856 81 1895 in
106 1857 279 1896 Ponticis
311 1858 543 1896 lacunarum
575 1859 851 1907 supplementa
882 1860 1087 1909 quaedam,
1120 1863 1165 1898 ut
1189 1860 1228 1897 II
1254 1869 1288 1898 ΙΙ
1315 1862 1382 1908 32,

40 1915 124 1953 IIII
149 1925 199 1954 ΙΙΙ
225 1918 293 1964 44,
324 1916 365 1954 in
389 1917 499 1954 Ibide
526 1929 625 1966 quae
652 1917 839 1956 adnotavi
863 1932 900 1967 p.
928 1920 1024 1966 417,
1057 1920 1154 1966 419,
1185 1919 1227 1955 in
1252 1919 1383 1956 Fastis

40 1975 224 2023 paucula,
268 1975 383 2023 nihil,
428 1976 532 2025 quod
571 1976 621 2014 ad
658 1979 866 2026 poetarum
897 1977 1113 2014 latinorum
1153 1977 1379 2026 aequalium

41 2033 211 2071 nitorem
248 2033 425 2083 accedat,
464 2035 644 2084 quamvis
681 2035 1011 2084 interpolatorum
1049 2035 1132 2073 eius
1164 2037 1310 2074 saeculi
1341 2037 1383 2074 in

41 2091 210 2131 dictione
241 2092 443 2142 varianda,
476 2094 706 2143 synonymis
739 2095 848 2133 salvo
880 2096 1006 2132 metro
1037 2094 1287 2132 inferciendis
1313 2107 1380 2144 pe-

41 2151 197 2189 culiaris
224 2151 276 2190 sit
299 2152 364 2190 vel
388 2151 571 2201 facilitas,
597 2153 661 2192 vel
685 2152 938 2201 intemperies
965 2154 1005 2191 et
1029 2153 1245 2202 temeritas,
1271 2153 1382 2191 cuius

42 2210 218 2258 exempla
247 2210 377 2249 ubivis
410 2212 563 2260 extant3
605 2211 672 2260 qui
703 2211 958 2250 Ponticorum
989 2211 1082 2250 libri
1112 2211 1195 2249 IIII
1226 2212 1381 2262 paginis

40 2265 161 2306 Korn.
201 2269 417 2318 scripturas
456 2269 632 2308 codicum
668 2269 866 2308 BODLP
910 2270 1166 2320 quaesiverit,
1208 2270 1383 2309 inveniet
