1570 2527
580 128 627 160 ΙΙ.
653 135 686 161 11
707 128 881 161 38—110.
1322 122 1403 164 147

241 237 323 277 Nec
354 238 464 288 vigor
497 241 556 275 est
587 235 705 274 Drusi
736 234 938 274 nobilitate
969 235 1122 273 minor.

122 305 165 336 75
187 296 295 335 Adde
327 307 453 335 nurus
484 300 702 346 neptesque
733 295 817 345 pias
849 299 1039 344 natosque
1071 297 1259 343 nepotum

243 354 460 405 Ceteraque
492 353 689 404 Augustae
721 351 897 391 membra
927 351 1056 390 valere
1088 351 1251 402 domus3

184 413 292 452 Adde
325 411 587 463 triumphatos
618 411 733 450 modo
765 410 940 450 Paeonas
959 442 969 462 ‚
1002 410 1098 449 adde
1131 410 1252 461 quieti

245 471 410 511 Subdita
440 476 648 510 montanae
680 469 838 509 brachia
870 469 1102 508 Dalmatiae.

184 530 264 570 Nee
297 530 504 581 dedignata
535 535 596 568 est
627 528 788 568 abiectis
820 528 946 579 Illyris
979 529 1098 566 armis
1351 535 1407 566 (42)

121 597 166 629 80
246 588 480 628 Caesareum
512 587 654 627 famulo
687 588 833 626 vertice
865 587 969 625 ferre
1002 586 1164 637 pedem.

187 648 274 699 lpse
307 659 427 698 super
460 659 621 686 currum
652 645 803 698 placido
837 644 1059 697 spectabilis
1091 656 1159 683 ore

245 706 439 758 Tempora
470 705 651 744 Phoebea
682 706 832 755 virgine
865 716 964 743 nexa
995 703 1107 742 tulit.

187 765 312 811 Quem
343 766 406 816 pia
438 764 641 803 vobiscum
673 763 804 814 proles
837 763 1035 801 comitavit
1066 766 1248 812 euntem,

244 823 366 874 Digna
397 829 560 873 parente
593 834 664 860 suo
696 821 999 871 nominibusque
1034 820 1157 871 datis3

122 889 165 921 85
185 881 392 920 Fratribus
424 880 640 932 adsimilis,
673 892 771 931 quos
803 880 980 931 proxima
1011 878 1154 929 templa
1186 878 1357 916 tenentis

243 940 364 979 Divus
396 939 444 978 ab
477 938 628 978 excelsa
659 938 781 978 Iulius
813 937 907 977 aede
939 937 1065 976 videt.

186 998 255 1038 His
286 998 549 1050 Messalinus,
581 997 724 1049 quibus
756 998 886 1036 omnia
918 996 1059 1035 cedere
1092 994 1260 1046 debent,

245 1057 421 1096 Primum
453 1057 623 1096 laetitiae
655 1068 732 1095 non
764 1061 881 1107 negat
912 1066 998 1094 esse
1030 1054 1184 1093 locum.

187 1115 385 1168 Quidquid
412 1115 458 1155 ab
485 1116 546 1155 his
577 1119 788 1167 superest,
813 1115 921 1153 venit
950 1115 991 1152 in
1017 1118 1216 1152 certamen
1243 1112 1408 1150 amoris:

123 1183 168 1215 90
246 1175 327 1214 Hac
359 1174 563 1214 hominum
594 1174 693 1213 nulli
722 1179 833 1225 parte
866 1171 1064 1212 secundus
1096 1172 1197 1211 erit.

186 1233 295 1273 Hanc
328 1233 430 1273 colet
460 1239 549 1272 ante
582 1233 713 1284 diem,
744 1244 842 1271 nova
874 1243 950 1282 qua
982 1230 1141 1269 decreta
1172 1231 1339 1269 merenti

245 1292 361 1331 Venit
391 1292 591 1331 honoratis
623 1291 755 1330 laurea
787 1290 902 1341 digna
934 1291 1079 1328 comis.

186 1351 337 1390 Felices
356 1382 367 1403 ,
400 1350 542 1402 quibus
575 1348 625 1389 o!
676 1349 786 1389 licuit
818 1353 996 1400 spectare
1028 1346 1250 1398 triumphos

246 1409 296 1449 Et
327 1409 440 1449 ducis
471 1421 538 1448 ore
571 1409 666 1447 deos
697 1409 975 1459 aequiperante
1007 1406 1109 1445 frui.

124 1476 168 1508 95
188 1470 237 1508 At
268 1467 365 1507 mihi
398 1467 650 1507 Sauromatae
681 1479 753 1518 pro
786 1466 962 1505 Caesaris
994 1476 1063 1503 ore
1094 1463 1252 1503 videndi

247 1526 448 1578 Terraque
480 1527 587 1577 pacis
618 1527 732 1578 inops
765 1524 946 1575 undaque
978 1525 1111 1563 iuncta
1143 1522 1256 1574 gelu.

190 1585 231 1625 Si
262 1592 393 1625 tamen
423 1585 520 1623 haee
552 1584 662 1624 audis
694 1590 734 1623 et
764 1596 836 1622 vox
869 1594 954 1621 mea
985 1583 1164 1633 pervenit
1194 1582 1315 1632 istae,

250 1643 310 1683 Sit
342 1651 410 1683 tua
440 1643 626 1682 mutando
659 1644 781 1694 gratia
812 1641 951 1680 blanda
983 1641 1091 1679 loeo.

190 1702 272 1742 Hoc
304 1709 415 1754 pater
446 1702 512 1740 ille
542 1708 635 1741 tuus
666 1703 791 1753 primo
824 1700 921 1739 mihi
952 1698 1081 1738 cultus
1114 1698 1161 1738 ab
1193 1710 1310 1750 aem,

103 1769 169 1801 100
250 1761 389 1813 Siquid
421 1760 539 1799 habet
570 1772 710 1799 sensus
741 1758 879 1798 umbra
912 1758 1086 1810 diserta,
1117 1758 1238 1809 petit.

189 1819 272 1859 Hoc
302 1821 401 1871 petit
431 1825 471 1859 et
502 1820 647 1859 frater.
703 1819 878 1870 quamvis
909 1817 1076 1856 sortasse
1108 1820 1290 1867 veretur,
1352 1823 1409 1855 (43)

249 1878 438 1918 Servandi
469 1884 610 1917 noceat
639 1890 689 1917 ne
721 1876 792 1916 tibi
825 1888 919 1915 eura
950 1876 1051 1915 mei.

190 1937 287 1976 Tota
319 1937 458 1976 domus
490 1943 602 1988 rogat
631 1936 729 1975 hoc.
790 1947 863 1974 nee
895 1941 938 1974 tu
970 1940 1082 1986 potes
1113 1935 1199 1985 ipse
1230 1945 1374 1984 negare

248 1995 299 2035 Et
329 2007 400 2035 nos
431 1996 473 2035 in
504 1994 643 2035 turbae
673 1999 784 2047 parte
816 1994 939 2033 fuisse
972 1999 1085 2032 tuae.

105 2063 170 2095 105
191 2055 340 2106 Ingenii
373 2060 480 2094 certe
499 2084 510 2106 ‚
542 2066 619 2105 quo
650 2065 723 2093 nos
755 2052 852 2092 male
886 2052 1081 2090 sensimus
1113 2062 1234 2103 usos,

249 2112 410 2152 Artibus
443 2114 615 2164 exceptis
633 2144 645 2165 ,
676 2123 791 2163 saepe
823 2110 1010 2162 probator
1042 2121 1152 2148 eras.

190 2171 272 2212 Nee
302 2183 388 2211 mea
407 2204 418 2225 ,
449 2173 483 2211 si
514 2178 666 2211 tantum
697 2175 857 2222 peccata
888 2169 1098 2208 novissima
1129 2167 1284 2221 demas,

250 2229 347 2270 Esse
379 2236 510 2282 potest
541 2231 675 2270 domui
706 2231 782 2268 vita
813 2226 994 2279 pudenda
1026 2233 1141 2267 tuae.

193 2289 257 2329 Sic
288 2291 408 2341 igitur
439 2295 593 2329 vestrae
624 2290 779 2339 vigeant
809 2285 1024 2338 penetralia
1054 2286 1206 2339 gentis,

107 2356 173 2388 110
253 2347 433 2400 Curaque
465 2350 517 2388 sit
548 2348 702 2400 superis
735 2344 1046 2396 Caesaribusque
1079 2345 1159 2384 tui:

1132 2410 1202 2445 10*
