1570 2527
536 111 563 142 Ι.
591 118 684 143 VIIII
706 112 826 143 14-X
848 112 900 144 18.
1339 109 1392 150 19

168 217 385 267 Augurium
418 218 518 256 ratio
551 222 612 256 est
644 222 683 256 et
715 219 942 257 coniectura
973 218 1122 258 futuri:

169 275 250 313 Hac
282 275 449 314 divinavi
481 277 739 326 notitiamque
771 276 868 315 tuli.

168 333 275 379 Quae
309 335 492 384 quoniam
525 346 614 372 vera
646 340 707 373 est
725 365 735 386 ‚
767 340 847 373 tota
879 334 953 373 tibi
983 340 1114 374 mente
1146 335 1320 386 mihique

168 391 351 430 Gratulor
370 423 381 443 ‚
412 393 614 442 ingenium
646 404 724 430 non
756 392 916 431 latuisse
950 398 1085 432 tuum.

103 458 147 489 55
167 450 216 488 At
247 455 428 489 nostrum
460 450 636 489 tenebris
667 452 817 490 utinam
849 451 1029 490 latuisset
1059 453 1099 490 in
1132 449 1243 490 imis!

166 507 348 559 Expediit
380 509 508 547 studio
540 509 672 548 lumen
705 508 841 548 abesse
875 522 973 548 meo.

168 566 296 617 thue
327 566 400 605 tibi
431 573 598 618 prosunt
630 573 734 606 artes
754 599 764 618 ‚
797 568 962 606 facunde
982 598 993 619 ,
1027 579 1208 620 severae,

169 624 387 663 Dissimiles
418 625 494 664 illis
527 627 584 665 sie
616 637 788 664 nocuere
821 626 938 664 mihi.

167 682 253 721 Vita
285 689 413 722 tamen
446 683 518 722 tibi
548 690 640 722 nota
671 695 757 722 mea
789 691 870 723 est.
922 686 999 723 scis
1032 684 1182 723 artibus
1214 684 1291 724 illis

103 749 146 780 60
167 742 349 780 Auctoris
381 753 512 780 mores
545 741 781 780 abstinuisse
814 744 898 780 sui:

169 799 254 838 Scis
285 804 398 838 vetus
424 800 498 838 hoc
530 801 663 838 iuveni
694 800 824 838 lusum
850 800 947 838 mihi
978 812 1165 852 carmen,
1200 807 1239 840 et
1270 803 1368 840 istos

167 857 218 896 Ut
247 869 326 896 non
357 857 600 910 laudandos,
634 859 690 897 sic
721 864 852 897 tamen
885 870 973 897 esse
1006 860 1136 897 iocos.

167 915 271 967 Ergo
303 921 347 955 ut
379 917 536 955 defendi
568 916 674 955 nullo
707 929 792 955 mea
824 929 940 967 posse
973 916 1127 969 colore,

170 974 235 1013 Sic
267 977 447 1014 excusari
479 976 643 1014 crimina
674 987 790 1027 posse
822 981 929 1025 puto.

104 1041 147 1072 65
169 1033 253 1079 Qua
283 1038 427 1085 potes,
459 1045 602 1072 excusa
621 1065 632 1085 ‚
664 1046 738 1072 nec
770 1035 884 1072 amici
917 1033 1054 1072 desere
1088 1032 1266 1073 causam!

169 1091 252 1137 Qua
283 1090 384 1131 hene
416 1094 610 1144 coepisti,
641 1094 697 1131 sic
729 1091 829 1131 bene
863 1104 1018 1144 semper
1051 1104 1126 1131 eas.

1382 833 1393 853 7

692 1219 748 1268 X.

167 1325 239 1364 Est
268 1325 364 1364 mihi
395 1327 524 1376 sitque
543 1357 554 1378 ,
585 1337 756 1377 precor,
787 1325 906 1364 flavae
939 1326 1061 1365 tutela
1093 1325 1315 1377 Minervae,

170 1383 284 1422 Navis
317 1389 356 1423 et
387 1396 407 1423 a
438 1385 543 1435 picta
575 1384 725 1423 casside
759 1396 901 1422 nomen
933 1384 1073 1422 habet.

170 1442 258 1480 Sive
284 1453 383 1494 opus
415 1448 476 1481 est
501 1442 595 1480 velis
615 1473 625 1494 ,
656 1443 856 1480 minimam
882 1441 982 1480 bene
1010 1443 1136 1480 currit
1161 1442 1208 1480 ad
1234 1454 1391 1494 auram3

172 1499 260 1538 Sive
293 1512 392 1551 opus
425 1506 485 1539 est
515 1512 624 1539 remo
643 1531 654 1552 ‚
686 1501 834 1551 remige
867 1502 992 1552 carpit
1022 1502 1120 1538 iter.

130 1566 147 1596 5
168 1557 249 1596 Nec
281 1560 443 1597 comites
475 1558 624 1597 volucri
656 1564 838 1597 contenta
876 1565 936 1597 est
967 1560 1124 1596 vincere
1157 1570 1304 1610 curSU,

170 1616 346 1668 Occupat
377 1628 556 1667 egressas
589 1617 802 1668 quamlibet
833 1622 921 1655 ante
953 1622 1078 1668 rates3

168 1672 200 1725 †
229 1673 279 1713 Et
310 1677 456 1726 patitur
487 1675 631 1714 fluctus
662 1676 817 1725 fertque
850 1674 1061 1713 assilientia
1093 1674 1207 1726 longe

167 1734 349 1785 Aequora
369 1765 379 1784 ,
411 1745 484 1772 nec
517 1735 640 1772 saevis
673 1735 774 1772 victa
806 1733 951 1772 fatiscit
982 1734 1118 1783 aquis.

168 1791 234 1830 Illa
254 1824 265 1844 ,
297 1791 555 1831 Corinthiacis
588 1793 759 1843 primum
792 1791 887 1829 mihi
920 1793 1073 1842 cognita
1107 1791 1342 1843 Cenchreis,

104 1858 147 1889 10
168 1849 262 1889 Fida
294 1855 425 1889 manet
455 1850 630 1902 trepidae
662 1850 819 1900 duxque
853 1862 1064 1900 comesque
1096 1850 1234 1902 fugae3

167 1908 323 1959 Perque
356 1914 415 1948 tot
447 1915 609 1947 eventus
642 1914 682 1947 et
712 1910 858 1959 iniquis
891 1910 1044 1947 concita
1074 1910 1201 1947 ventis

167 1968 348 2018 Aequora
379 1966 547 2006 Palladio
579 1968 741 2006 numine
772 1972 857 2006 tuta
888 1967 986 2005 fuit.

167 2025 280 2065 Nunc
313 2037 469 2076 quoque
501 2031 614 2078 tuta,
644 2037 787 2076 precor
806 2057 816 2076 ,
850 2027 949 2063 vasti
982 2030 1090 2064 secet
1121 2026 1219 2063 ostia
1251 2024 1390 2076 Ponti,

168 2083 350 2134 Quasque
383 2086 511 2136 petit,
543 2084 668 2122 Getici
699 2083 826 2122 litoris
859 2085 980 2122 intret
1011 2095 1154 2134 aquas.

49 2182 52 2185 ,
105 2149 146 2180 15
168 2142 274 2188 Quae
308 2143 423 2181 simul
454 2142 608 2181 Aeoliae
641 2154 748 2181 mare
780 2154 842 2180 me
876 2141 1039 2180 deduxit
1069 2143 1109 2180 in
1141 2140 1294 2193 Helles,

167 2199 216 2239 Et
246 2200 405 2251 longum
438 2203 547 2240 tenui
578 2201 700 2239 limite
734 2200 826 2238 fecit
858 2201 957 2247 iter,

167 2258 364 2297 Fleximus
396 2261 436 2298 in
468 2259 620 2298 laevum
654 2270 794 2297 cursus
813 2289 824 2310 7
856 2263 896 2296 et
927 2257 973 2296 ab
1005 2257 1187 2297 Hectoris
1220 2257 1318 2297 urbe

166 2315 352 2356 Venimus
384 2317 431 2356 ad
462 2324 632 2369 portus,
664 2316 807 2355 Imbria
838 2322 973 2370 terra,
1006 2323 1118 2356 tuoS.

1129 2383 1176 2416 2*
