1570 2527
119 142 203 184 188
662 142 726 174 EX
750 142 907 175 Pou'ro

170 259 215 290 30
293 250 364 290 Est
394 250 517 301 mihi,
549 261 622 288 nec
654 251 829 289 numeris
860 254 1019 289 nectere
1050 249 1168 289 verba
1199 251 1327 290 iuvat.

237 309 324 348 Sive
357 308 462 359 quod
493 308 584 347 hinc
616 308 768 347 fructus
801 307 895 346 adeo
928 320 1006 347 non
1038 309 1213 360 cepimus
1245 309 1370 361 ullos,

294 367 537 417 Principium
567 367 694 405 nostri
725 378 788 405 res
821 367 871 405 sit
902 372 946 405 ut
977 367 1051 405 ista
1084 367 1196 406 mali:

238 426 326 464 Sive
359 424 463 475 quod
495 425 535 463 111
567 424 741 463 tenebris
768 437 1000 463 numerosos
1031 437 1178 476 ponere
1210 438 1393 476 gressus,

296 483 486 534 Quodque
518 482 622 533 legas
654 483 750 522 nulli
781 482 955 522 scribere
988 495 1169 534 carmen,
1204 483 1308 522 idem
1340 489 1422 523 est.

173 550 216 581 35
236 541 391 580 Excitat
416 541 570 579 auditor
601 541 774 580 studium
793 572 804 593 ,
835 541 1066 592 laudataque
1098 543 1222 580 virtus

296 599 475 650 Crescit,
508 604 546 638 et
577 600 800 638 inmensum
830 599 952 650 gloria
984 599 1110 638 calcar
1141 599 1284 639 habet.

236 657 307 696 Hic
339 669 425 696 mea
457 658 522 696 cui
552 658 715 696 recitem
747 658 823 696 nisi
853 657 961 696 ssavis
992 659 1138 709 scripta
1170 657 1354 711 Corallis,

296 715 479 766 Quasque
512 715 604 754 alias
635 721 771 766 gentes
802 715 992 754 barbarus
1024 715 1156 754 Hister
1186 714 1338 755 hahet?

237 774 315 813 Sed
347 774 440 825 quid
473 773 578 813 solus
611 786 748 826 agam,
782 785 935 825 quaque
967 773 1137 813 infelicia
1166 774 1327 826 perdam

172 841 217 872 40
298 832 386 871 Otia
417 834 578 872 materia
597 864 608 884 ,
640 834 928 884 surripiamque
960 830 1098 871 diem?

237 890 334 930 Nam
366 892 457 942 quia
489 903 561 929 nec
593 892 755 942 vinum,
787 903 859 929 nec
891 903 952 929 1116
984 896 1092 929 tenet
1123 890 1204 929 alea
1235 890 1371 943 fallax,

296 949 373 988 Per
405 961 503 999 quae
537 948 635 987 clam
666 950 827 988 tacitum
859 954 1014 1000 tempus
1047 948 1153 988 abire
1187 949 1308 1001 solet,

238 1007 318 1046 Nec
344 1019 405 1046 me
425 1029 471 1034 —
497 1007 600 1058 quod
627 1019 812 1059 cuperem
828 1039 839 1059 ,
865 1009 898 1046 si
923 1019 994 1058 per
1020 1007 1101 1046 sera
1127 1007 1227 1046 bella
1252 1007 1390 1047 liceret
1409 1029 1455 1035 —

298 1065 476 1105 Oblectat
508 1065 615 1104 cultu
648 1072 752 1104 terra
784 1072 921 1104 novata
954 1077 1048 1116 suo,

175 1132 218 1163 45
240 1124 371 1174 Quid,
404 1125 479 1163 nisi
509 1124 713 1174 Pierides,
746 1124 887 1162 solacia
919 1123 1057 1174 frigida
1075 1155 1086 1175 ,
1119 1129 1292 1176 restant,

297 1182 382 1220 Non
414 1182 515 1221 bene
548 1182 594 1220 de
627 1182 739 1220 nobis
773 1194 870 1233 quae
904 1193 1084 1220 meruere
1117 1179 1246 1221 deae?

239 1242 288 1279 At
320 1247 390 1290 tu,
424 1242 488 1279 cui
518 1240 666 1278 bibitur
698 1239 850 1278 felicius
881 1240 1029 1278 Aonius
1061 1240 1176 1292 fons,

297 1298 454 1337 Utiliter
487 1298 660 1337 studium
693 1298 797 1349 quod
828 1297 899 1336 tibi
932 1298 1063 1350 cedit,
1096 1309 1204 1350 ama,

241 1357 436 1407 Sacraque
468 1356 668 1395 Musarum
700 1357 839 1395 merito
872 1356 982 1395 cole.
1039 1357 1222 1407 quodque
1259 1355 1457 1409 legamus,

176 1424 220 1455 50
298 1415 385 1454 Huc
417 1415 571 1466 aliquod
605 1427 721 1453 curae
756 1416 864 1453 mitte
896 1416 1067 1453 recentis
1099 1426 1221 1466 opus.

746 1542 829 1589 III.

241 1647 468 1699 Conquerar
488 1678 499 1700 ,
530 1660 579 1686 an
611 1644 794 1686 taceam?
838 1659 979 1698 ponam
1011 1648 1094 1686 51116
1127 1649 1282 1687 1101111116

969 1707 1141 1757 crimen,
1384 1713 1458 1747 (109)

300 1764 359 1802 An
392 1769 557 1815 notum,
591 1765 657 1813 qui
688 1764 742 1801 sis
761 1793 772 1815 ,
798 1763 978 1802 omnibus
1011 1775 1096 1802 esse
1129 1762 1279 1803 velim?

242 1821 407 1861 Nomine
440 1833 517 1860 non
550 1826 666 1872 utar,
698 1832 746 1859 ne
779 1821 1053 1859 commendere
1086 1822 1283 1874 querella,

302 1879 598 1930 Quaeraturque
631 1879 703 1918 tibi
735 1880 905 1918 carmine
938 1879 1036 1918 fama
1068 1891 1177 1919 meo.

202 1946 222 1978 5
242 1938 342 1978 Dum
374 1950 459 1977 mea
490 1939 634 1989 puppis
666 1943 748 1976 erat
778 1937 900 1976 valida
932 1937 1090 1976 fundata
1123 1939 1278 1991 carina,

303 1996 376 2042 Qui
409 2009 562 2036 mecum
594 1995 713 2035 velles
746 2008 906 2034 currere
926 2026 937 2048 ,
968 1997 1120 2047 primus
1152 2009 1262 2036 eras.

243 2055 355 2094 Nunc
375 2087 385 2106 ,
418 2056 506 2106 quia
539 2055 733 2093 contraxit
764 2053 913 2093 vultum
944 2053 1117 2093 Fortuna
1136 2085 1147 2106 ,
1178 2055 1353 2108 recedis,

303 2113 455 2152 Auxilio
487 2120 694 2164 postquam
727 2114 804 2151 scis
836 2124 933 2164 opus
966 2125 1051 2151 esse
1084 2119 1178 2152 tuo,

244 2171 472 2210 Dissimulas
505 2173 645 2223 etiam,
676 2183 749 2210 nec
781 2183 842 2209 me
873 2172 930 2209 vis
963 2183 1078 2210 nosse
1109 2171 1254 2224 videri,

181 2238 224 2269 10
305 2229 480 2281 Quisque
513 2231 592 2281 sit,
624 2229 755 2269 audito
787 2230 972 2281 nomine,
1005 2229 1106 2268 Naso
1125 2261 1136 2281 ‚
1168 2242 1304 2282 rogas.

244 2287 310 2327 Ille
342 2300 413 2339 ego
447 2300 534 2327 sum
552 2319 562 2340 ,
595 2300 829 2339 quamquam
861 2299 937 2326 non
970 2289 1027 2326 vis
1060 2288 1195 2327 audire
1213 2319 1225 2340 ,
1256 2293 1408 2328 vetusta

302 2345 429 2385 Paene
461 2359 560 2398 puer
592 2359 715 2397 puero
747 2347 905 2385 iunctus
937 2345 1128 2385 amicitia!
