1570 2527
174 114 230 155 30
725 113 952 144 TRIsTmM

293 221 364 260 Hic
397 220 507 260 sedet
537 221 670 270 ignoto
702 221 833 258 iuncta
864 219 993 270 puella
1023 219 1130 258 viro.

206 288 273 319 285
296 279 393 319 Cum
425 278 613 330 quaedam
646 279 862 329 spatientur
891 279 931 316 in
962 277 1036 315 hoc
1054 308 1066 328 ,
1096 280 1142 315 ut
1172 280 1320 314 amator
1351 273 1487 314 eodem

295 338 536 388 Conveniat,
568 348 689 386 quare
721 337 897 387 porticus
928 335 1006 374 ulla
1035 331 1179 386 patet?

296 396 392 441 Quis
418 396 528 433 locus
554 400 614 433 est
638 394 793 444 templis
820 395 1022 444 augustior
1040 391 1061 431 Ῥ
1092 392 1189 431 haec
1215 403 1371 443 quoque
1395 391 1511 442 vitet,

296 455 340 493 In
372 453 525 505 culpam
558 454 668 504 siqua
701 458 760 491 est
790 453 991 502 ingeniosa
1023 449 1154 490 suam!

298 512 395 551 Cum
428 512 581 550 steterit
612 510 712 548 Iovis
744 510 837 548 aede
857 541 868 561 ‚
900 509 1000 548 Iovis
1032 514 1241 548 succurret
1270 509 1311 546 in
1343 507 1459 559 aede,

209 579 277 609 290
299 571 423 615 Quam
456 569 596 608 multas
628 574 774 607 matres
807 568 945 606 fecerit
975 566 1038 605 ille
1072 567 1191 605 deus.

295 628 476 666 Proxima
508 628 684 665 adoranti
715 625 876 664 Iunonis
907 625 1049 676 templa
1081 623 1257 676 subibit,

295 685 517 724 Paelicibus
549 684 682 724 multis
714 684 814 722 hanc
846 683 1016 722 doluisse
1048 683 1182 721 deam.

298 744 451 782 Pallade
484 748 722 794 conspecta,
754 747 888 780 natum
920 741 968 779 de
1000 742 1163 780 crimine
1195 740 1304 790 virgo

298 802 510 841 Sustulerit
541 813 691 852 quare,
729 807 920 851 quaeret,
952 798 1274 838 Erichthonium.

212 869 278 900 295
298 860 457 899 Venerit
489 861 528 898 in
561 861 690 909 magni
721 858 909 909 templum
928 889 938 909 ,
970 863 1037 896 tua
1068 868 1231 896 munera
1249 886 1261 908 ,
1291 855 1449 907 Martis,

301 918 385 957 Stat
416 917 546 956 Venus
579 917 704 955 Ultori
735 918 895 967 iuncta,
927 916 986 953 vir
1017 920 1106 953 ante
1139 915 1268 953 sores.

298 976 412 1014 Isidis
444 975 538 1014 aede
572 975 712 1013 sedens
732 1006 743 1026 ,
775 986 846 1013 cur
878 974 977 1012 hanc
1011 973 1191 1012 Saturnia
1210 1003 1222 1025 ‚
1254 977 1438 1023 quaeret,

298 1034 434 1085 Egerit
465 1033 571 1071 Ionio
604 1032 902 1083 Bosphorioque
934 1029 1066 1070 mari?

298 1092 342 1131 In
374 1091 564 1130 Venerem
597 1091 785 1129 Anchises
804 1121 815 1142 ‚
847 1092 888 1128 in
919 1089 1069 1128 Lunam
1100 1089 1274 1127 Latmius
1305 1087 1445 1140 heros,

212 1150 342 1190 3001n
375 1150 558 1188 Cererem
590 1149 716 1187 Iasion
735 1180 746 1200 ,
779 1150 846 1198 qui
876 1148 1072 1186 referatur
1090 1179 1101 1199 ,
1133 1148 1230 1185 erit.

300 1208 438 1247 Omnia
469 1219 673 1258 perversas
705 1211 871 1257 possunt
902 1217 1156 1257 corrumpere
1187 1209 1364 1257 mentes3

302 1266 414 1305 Stant
445 1271 575 1304 tamen
606 1265 669 1303 illa
701 1266 783 1303 suis
815 1266 943 1302 omnia
974 1269 1058 1302 tuta
1089 1263 1184 1302 locis
1203 1294 1211 1302 .

300 1324 350 1363 Et
380 1323 518 1374 procul
549 1335 570 1361 a
602 1324 747 1373 scripta
778 1322 870 1361 solis
902 1321 1177 1360 meretricibus
1208 1320 1300 1359 Arte

303 1382 529 1421 Summovet
559 1383 747 1432 ingenuas
779 1381 918 1431 pagina
949 1381 1074 1430 prima
1105 1391 1264 1417 manus.

214 1448 280 1479 305
303 1441 582 1490 Quaecumque
615 1440 774 1489 erupit,
806 1450 881 1488 qua
913 1450 991 1475 non
1024 1439 1116 1476 sinit
1146 1438 1204 1475 ire
1237 1436 1441 1489 sacerdos,

301 1499 486 1537 Protinus
517 1498 609 1535 huic
641 1496 788 1547 dempti
820 1497 994 1534 criminis
1024 1497 1108 1546 ipsa
1138 1507 1204 1534 rea
1237 1499 1318 1533 est.

302 1556 382 1595 Nec
415 1561 544 1594 tamen
577 1560 636 1593 est
667 1555 847 1606 facinus,
878 1565 1015 1592 versus
1048 1553 1224 1592 evolvere
1257 1553 1407 1604 mollis,

302 1614 422 1652 Multa
453 1614 545 1652 licet
577 1619 704 1651 castae
736 1624 814 1650 non
846 1612 1020 1650 facienda
1051 1611 1207 1662 legant.

304 1673 427 1723 Saepe
460 1671 661 1722 supercilii
692 1670 815 1708 nudas
847 1675 1022 1708 matrona
1055 1671 1182 1708 severi

216 1739 284 1770 310
305 1730 354 1769 Et
385 1731 539 1768 veneris
572 1729 710 1767 stantis
741 1728 788 1766 ad
819 1739 942 1778 genus
974 1739 1088 1765 omne
1121 1726 1250 1766 videt.

305 1788 478 1839 Corpora
510 1786 681 1825 Vestales
714 1785 817 1824 oculi
847 1787 1069 1824 meretricia
1101 1790 1291 1837 cernunt,

304 1846 384 1885 Nec
416 1846 572 1884 domino
603 1856 751 1895 poenae
783 1855 847 1882 res
879 1855 923 1882 ea
955 1855 1070 1882 causa
1101 1844 1196 1882 fuit.

304 1906 353 1942 At
385 1916 454 1942 cur
486 1905 525 1942 in
557 1909 691 1941 nostra
723 1903 839 1940 nimia
873 1907 932 1940 est
962 1901 1117 1940 lascivia
1148 1901 1282 1952 Musa,

306 1963 431 2001 Curve
464 1973 573 2000 meus
606 1962 788 2011 cuiquam
821 1960 957 1998 suadet
988 1971 1115 1998 amare
1147 1956 1282 1998 liber?

218 2029 284 2060 315
305 2020 367 2058 Nil
399 2021 474 2058 nisi
506 2025 710 2070 peccatum
742 2018 1024 2068 manifestaque
1057 2017 1170 2068 culpa
1200 2015 1354 2056 fatenda
1386 2020 1467 2054 est:

307 2079 483 2117 Paenitet
512 2078 660 2128 ingenii
690 2076 902 2126 iudiciique
935 2077 1034 2115 mei.

308 2137 387 2175 Cur
419 2148 497 2174 non
529 2135 719 2186 Argolicis
750 2136 881 2185 potius
914 2146 1012 2183 quae
1045 2133 1214 2172 concidit
1245 2133 1362 2170 armis

307 2194 450 2232 Vexata
483 2200 542 2232 est
573 2195 717 2232 iterum
750 2193 920 2231 carmine
951 2191 1067 2229 Troia
1098 2188 1219 2229 meo?

309 2252 387 2291 Cur
420 2253 523 2290 tacui
555 2251 708 2290 Thebas
741 2256 779 2289 et
810 2250 971 2288 vulnera
1001 2254 1137 2288 mutua
1168 2249 1357 2299 fratrum,

221 2319 290 2350 320
309 2310 359 2350 Et
391 2315 542 2362 septem
573 2316 705 2361 portas
724 2341 735 2362 ‚
755 2308 839 2347 sub
873 2308 970 2347 duce
1004 2319 1197 2359 quamque
1230 2303 1335 2345 suo?
