<?xml version="1.0" encoding="UTF-8"?>
<!DOCTYPE html PUBLIC "-//W3C//DTD XHTML 1.0 Transitional//EN"
    "http://www.w3.org/TR/xhtml1/DTD/xhtml1-transitional.dtd">
<html xmlns="http://www.w3.org/1999/xhtml" xml:lang="en" lang="en">
 <head>
  <title>
</title>
<meta http-equiv="Content-Type" content="text/html;charset=utf-8" />
  <meta name='ocr-system' content='tesseract 3.04.00' />
  <meta name='ocr-capabilities' content='ocr_page ocr_carea ocr_par ocr_line ocrx_word'/>
</head>
<body>
  <div class='ocr_page' id='page_1' title='image "./ovidopera03oviduoft_0332.png"; bbox 0 0 1570 2527; ppageno 0'>
   <div class='ocr_carea' id='block_1_1' title="bbox 191 124 985 166">
    <p class='ocr_par' dir='ltr' id='par_1_1' title="bbox 191 124 985 166">
     <span class='ocr_line' id='line_1_1' title="bbox 191 124 985 166; baseline -0.013 0"><span class='ocrx_word' id='word_1_1' title='bbox 191 125 277 166; x_wconf 82' lang='lat'>274</span> <span class='ocrx_word' id='word_1_2' title='bbox 732 124 985 158; x_wconf 75' lang='lat' dir='ltr'><strong>FASTORUM</strong></span> 
     </span>
    </p>
   </div>
   <div class='ocr_carea' id='block_1_2' title="bbox 222 231 1525 2379">
    <p class='ocr_par' dir='ltr' id='par_1_2' title="bbox 222 231 1525 2379">
     <span class='ocr_line' id='line_1_2' title="bbox 368 231 1212 284; baseline -0.001 -12"><span class='ocrx_word' id='word_1_3' title='bbox 368 233 510 272; x_wconf 87' lang='lat' dir='ltr'>Fabula</span> <span class='ocrx_word' id='word_1_4' title='bbox 542 233 742 284; x_wconf 86' lang='lat' dir='ltr'>proposito</span> <span class='ocrx_word' id='word_1_5' title='bbox 775 231 880 271; x_wconf 90' lang='lat' dir='ltr'>nulla</span> <span class='ocrx_word' id='word_1_6' title='bbox 911 232 1073 271; x_wconf 87' lang='lat' dir='ltr'>tacenda</span> <span class='ocrx_word' id='word_1_7' title='bbox 1103 245 1212 271; x_wconf 88' lang='lat' dir='ltr'>me0.</span> 
     </span>
     <span class='ocr_line' id='line_1_3' title="bbox 222 290 1197 342; baseline -0.002 -11"><span class='ocrx_word' id='word_1_8' title='bbox 222 300 287 331; x_wconf 71' lang='lat'>545</span> <span class='ocrx_word' id='word_1_9' title='bbox 320 292 479 330; x_wconf 82' lang='lat' dir='ltr'>Arserat</span> <span class='ocrx_word' id='word_1_10' title='bbox 510 291 662 330; x_wconf 80' lang='lat' dir='ltr'>Aeneae</span> <span class='ocrx_word' id='word_1_11' title='bbox 693 290 789 329; x_wconf 89' lang='lat' dir='ltr'>Dido</span> <span class='ocrx_word' id='word_1_12' title='bbox 823 290 1053 329; x_wconf 87' lang='lat' dir='ltr'>miserabilis</span> <span class='ocrx_word' id='word_1_13' title='bbox 1084 292 1197 342; x_wconf 82' lang='lat' dir='ltr'>igne,</span> 
     </span>
     <span class='ocr_line' id='line_1_4' title="bbox 368 349 1212 400; baseline -0.001 -12"><span class='ocrx_word' id='word_1_14' title='bbox 368 350 528 388; x_wconf 89' lang='lat' dir='ltr'>Arserat</span> <span class='ocrx_word' id='word_1_15' title='bbox 560 351 770 388; x_wconf 85' lang='lat' dir='ltr'>exstructis</span> <span class='ocrx_word' id='word_1_16' title='bbox 802 350 842 387; x_wconf 91' lang='lat' dir='ltr'>in</span> <span class='ocrx_word' id='word_1_17' title='bbox 875 361 943 388; x_wconf 91' lang='lat' dir='ltr'>sua</span> <span class='ocrx_word' id='word_1_18' title='bbox 976 349 1052 388; x_wconf 86' lang='lat' dir='ltr'>fata</span> <span class='ocrx_word' id='word_1_19' title='bbox 1084 350 1212 400; x_wconf 82' lang='lat' dir='ltr'>rogis3</span> 
     </span>
     <span class='ocr_line' id='line_1_5' title="bbox 310 406 1523 459; baseline 0 -12"><span class='ocrx_word' id='word_1_20' title='bbox 310 407 634 458; x_wconf 85' lang='lat' dir='ltr'>Compositusque</span> <span class='ocrx_word' id='word_1_21' title='bbox 668 408 765 446; x_wconf 91' lang='lat' dir='ltr'>cinis</span> <span class='ocrx_word' id='word_1_22' title='bbox 784 439 795 459; x_wconf 84' lang='lat'><strong><em>,</em></strong></span> <span class='ocrx_word' id='word_1_23' title='bbox 827 406 1045 457; x_wconf 85' lang='lat' dir='ltr'>tumulique</span> <span class='ocrx_word' id='word_1_24' title='bbox 1077 408 1116 445; x_wconf 87' lang='lat' dir='ltr'>in</span> <span class='ocrx_word' id='word_1_25' title='bbox 1142 418 1334 445; x_wconf 90' lang='lat' dir='ltr'>marmore</span> <span class='ocrx_word' id='word_1_26' title='bbox 1367 420 1523 447; x_wconf 88' lang='lat' dir='ltr'>carmen</span> 
     </span>
     <span class='ocr_line' id='line_1_6' title="bbox 368 464 1440 517; baseline 0.003 -14"><span class='ocrx_word' id='word_1_27' title='bbox 368 465 450 505; x_wconf 86' lang='lat' dir='ltr'>Hoc</span> <span class='ocrx_word' id='word_1_28' title='bbox 482 465 600 504; x_wconf 90' lang='lat' dir='ltr'>breve</span> <span class='ocrx_word' id='word_1_29' title='bbox 619 497 629 517; x_wconf 88' lang='lat'>‚</span> <span class='ocrx_word' id='word_1_30' title='bbox 662 465 764 516; x_wconf 86' lang='lat' dir='ltr'>quod</span> <span class='ocrx_word' id='word_1_31' title='bbox 797 467 967 503; x_wconf 87' lang='lat' dir='ltr'>moriens</span> <span class='ocrx_word' id='word_1_32' title='bbox 999 466 1082 516; x_wconf 90' lang='lat' dir='ltr'>ipsa</span> <span class='ocrx_word' id='word_1_33' title='bbox 1114 464 1301 516; x_wconf 90' lang='lat' dir='ltr'>reliquit,</span> <span class='ocrx_word' id='word_1_34' title='bbox 1335 472 1440 506; x_wconf 81' lang='lat' dir='ltr'>erat:</span> 
     </span>
     <span class='ocr_line' id='line_1_7' title="bbox 313 521 1384 563; baseline 0 -1"><span class='ocrx_word' id='word_1_35' title='bbox 313 521 518 563; x_wconf 73' lang='lat' dir='ltr'>‘Praebuit</span> <span class='ocrx_word' id='word_1_36' title='bbox 551 524 700 561; x_wconf 82' lang='lat' dir='ltr'>Aeneas</span> <span class='ocrx_word' id='word_1_37' title='bbox 733 528 771 561; x_wconf 91' lang='lat' dir='ltr'>et</span> <span class='ocrx_word' id='word_1_38' title='bbox 803 535 956 562; x_wconf 88' lang='lat' dir='ltr'>causam</span> <span class='ocrx_word' id='word_1_39' title='bbox 989 524 1126 561; x_wconf 89' lang='lat' dir='ltr'>mortis</span> <span class='ocrx_word' id='word_1_40' title='bbox 1158 528 1197 562; x_wconf 90' lang='lat' dir='ltr'>et</span> <span class='ocrx_word' id='word_1_41' title='bbox 1229 534 1384 562; x_wconf 88' lang='lat' dir='ltr'>ensem.</span> 
     </span>
     <span class='ocr_line' id='line_1_8' title="bbox 227 577 1184 633; baseline -0.002 -12"><span class='ocrx_word' id='word_1_42' title='bbox 227 591 292 621; x_wconf 90' lang='lat'>550</span> <span class='ocrx_word' id='word_1_43' title='bbox 372 582 458 633; x_wconf 87' lang='lat' dir='ltr'>Ipsa</span> <span class='ocrx_word' id='word_1_44' title='bbox 491 594 559 621; x_wconf 90' lang='lat' dir='ltr'>sua</span> <span class='ocrx_word' id='word_1_45' title='bbox 591 581 687 620; x_wconf 91' lang='lat' dir='ltr'>Dido</span> <span class='ocrx_word' id='word_1_46' title='bbox 721 581 891 620; x_wconf 81' lang='lat' dir='ltr'>concidit</span> <span class='ocrx_word' id='word_1_47' title='bbox 922 593 990 620; x_wconf 88' lang='lat' dir='ltr'>usa</span> <span class='ocrx_word' id='word_1_48' title='bbox 1022 577 1184 620; x_wconf 88' lang='lat' dir='ltr'>manu.&#39;</span> 
     </span>
     <span class='ocr_line' id='line_1_9' title="bbox 309 639 1452 693; baseline 0.001 -14"><span class='ocrx_word' id='word_1_49' title='bbox 309 640 494 679; x_wconf 77' lang='lat' dir='ltr'>Protinus</span> <span class='ocrx_word' id='word_1_50' title='bbox 526 640 713 678; x_wconf 87' lang='lat' dir='ltr'>invadunt</span> <span class='ocrx_word' id='word_1_51' title='bbox 743 639 930 678; x_wconf 82' lang='lat' dir='ltr'>Numidae</span> <span class='ocrx_word' id='word_1_52' title='bbox 964 641 1048 678; x_wconf 86' lang='lat' dir='ltr'>sine</span> <span class='ocrx_word' id='word_1_53' title='bbox 1081 639 1232 678; x_wconf 90' lang='lat' dir='ltr'>vindice</span> <span class='ocrx_word' id='word_1_54' title='bbox 1264 651 1452 693; x_wconf 86' lang='lat' dir='ltr'>regnum,</span> 
     </span>
     <span class='ocr_line' id='line_1_10' title="bbox 368 697 1237 750; baseline -0.001 -13"><span class='ocrx_word' id='word_1_55' title='bbox 368 698 417 737; x_wconf 92' lang='lat' dir='ltr'>Et</span> <span class='ocrx_word' id='word_1_56' title='bbox 448 700 596 750; x_wconf 87' lang='lat' dir='ltr'>potitur</span> <span class='ocrx_word' id='word_1_57' title='bbox 628 705 739 749; x_wconf 88' lang='lat' dir='ltr'>capta</span> <span class='ocrx_word' id='word_1_58' title='bbox 769 697 928 736; x_wconf 87' lang='lat' dir='ltr'>Maurus</span> <span class='ocrx_word' id='word_1_59' title='bbox 961 697 1070 735; x_wconf 86' lang='lat' dir='ltr'>larba</span> <span class='ocrx_word' id='word_1_60' title='bbox 1102 697 1237 736; x_wconf 91' lang='lat' dir='ltr'>domo.</span> 
     </span>
     <span class='ocr_line' id='line_1_11' title="bbox 312 753 1430 808; baseline 0.001 -13"><span class='ocrx_word' id='word_1_61' title='bbox 312 757 439 808; x_wconf 87' lang='lat' dir='ltr'>Seque</span> <span class='ocrx_word' id='word_1_62' title='bbox 471 768 620 796; x_wconf 88' lang='lat' dir='ltr'>memor</span> <span class='ocrx_word' id='word_1_63' title='bbox 653 761 828 807; x_wconf 88' lang='lat' dir='ltr'>spretum</span> <span class='ocrx_word' id='word_1_64' title='bbox 847 787 858 808; x_wconf 85' lang='lat'>,</span> <span class='ocrx_word' id='word_1_65' title='bbox 891 753 1089 795; x_wconf 67' lang='lat' dir='ltr'>‘thalamis</span> <span class='ocrx_word' id='word_1_66' title='bbox 1120 753 1270 796; x_wconf 87' lang='lat' dir='ltr'>tamen&#39;</span> <span class='ocrx_word' id='word_1_67' title='bbox 1301 757 1430 807; x_wconf 87' lang='lat' dir='ltr'>inquit</span> 
     </span>
     <span class='ocr_line' id='line_1_12' title="bbox 1299 811 1466 854; baseline 0.006 -1"><span class='ocrx_word' id='word_1_68' title='bbox 1299 811 1466 854; x_wconf 72' lang='lat' dir='ltr'>‘Elissae</span> 
     </span>
     <span class='ocr_line' id='line_1_13' title="bbox 369 870 1394 925; baseline 0 -13"><span class='ocrx_word' id='word_1_69' title='bbox 369 873 427 912; x_wconf 89' lang='lat' dir='ltr'>En</span> <span class='ocrx_word' id='word_1_70' title='bbox 460 885 560 925; x_wconf 82' lang='lat' dir='ltr'>ego,</span> <span class='ocrx_word' id='word_1_71' title='bbox 593 885 708 924; x_wconf 88' lang='lat' dir='ltr'>quem</span> <span class='ocrx_word' id='word_1_72' title='bbox 741 874 884 912; x_wconf 86' lang='lat' dir='ltr'>totiens</span> <span class='ocrx_word' id='word_1_73' title='bbox 916 872 1087 923; x_wconf 86' lang='lat' dir='ltr'>reppulit</span> <span class='ocrx_word' id='word_1_74' title='bbox 1117 871 1209 924; x_wconf 87' lang='lat' dir='ltr'>illa,</span> <span class='ocrx_word' id='word_1_75' title='bbox 1241 870 1394 912; x_wconf 89' lang='lat' dir='ltr'>fruor.&#39;</span> 
     </span>
     <span class='ocr_line' id='line_1_14' title="bbox 224 931 1525 983; baseline 0 -13"><span class='ocrx_word' id='word_1_76' title='bbox 224 939 289 970; x_wconf 90' lang='lat'>555</span> <span class='ocrx_word' id='word_1_77' title='bbox 311 931 524 982; x_wconf 82' lang='lat' dir='ltr'>Diffugiunt</span> <span class='ocrx_word' id='word_1_78' title='bbox 556 931 692 983; x_wconf 81' lang='lat' dir='ltr'>Tyrii,</span> <span class='ocrx_word' id='word_1_79' title='bbox 730 943 805 982; x_wconf 89' lang='lat' dir='ltr'>quo</span> <span class='ocrx_word' id='word_1_80' title='bbox 839 943 1033 981; x_wconf 89' lang='lat' dir='ltr'>quemque</span> <span class='ocrx_word' id='word_1_81' title='bbox 1072 932 1150 980; x_wconf 85' lang='lat' dir='ltr'>agit</span> <span class='ocrx_word' id='word_1_82' title='bbox 1181 942 1321 983; x_wconf 89' lang='lat' dir='ltr'>error,</span> <span class='ocrx_word' id='word_1_83' title='bbox 1359 939 1403 970; x_wconf 87' lang='lat' dir='ltr'>ut</span> <span class='ocrx_word' id='word_1_84' title='bbox 1434 931 1525 971; x_wconf 87' lang='lat' dir='ltr'>olim</span> 
     </span>
     <span class='ocr_line' id='line_1_15' title="bbox 369 989 1185 1040; baseline 0.001 -13"><span class='ocrx_word' id='word_1_85' title='bbox 369 990 521 1028; x_wconf 87' lang='lat' dir='ltr'>Amisso</span> <span class='ocrx_word' id='word_1_86' title='bbox 554 989 692 1028; x_wconf 83' lang='lat' dir='ltr'>dubiae</span> <span class='ocrx_word' id='word_1_87' title='bbox 724 1001 816 1040; x_wconf 83' lang='lat' dir='ltr'>rege</span> <span class='ocrx_word' id='word_1_88' title='bbox 849 996 1036 1040; x_wconf 82' lang='lat' dir='ltr'>vagantur</span> <span class='ocrx_word' id='word_1_89' title='bbox 1068 1001 1158 1039; x_wconf 87' lang='lat' dir='ltr'>apes</span> <span class='ocrx_word' id='word_1_90' title='bbox 1177 1020 1185 1028; x_wconf 85' lang='lat'><em>.</em></span> 
     </span>
     <span class='ocr_line' id='line_1_16' title="bbox 311 1047 1229 1098; baseline -0.001 -12"><span class='ocrx_word' id='word_1_91' title='bbox 311 1048 441 1086; x_wconf 87' lang='lat' dir='ltr'>Tertia</span> <span class='ocrx_word' id='word_1_92' title='bbox 473 1047 672 1086; x_wconf 88' lang='lat' dir='ltr'>nudandas</span> <span class='ocrx_word' id='word_1_93' title='bbox 705 1053 908 1097; x_wconf 88' lang='lat' dir='ltr'>acceperat</span> <span class='ocrx_word' id='word_1_94' title='bbox 939 1059 1026 1085; x_wconf 88' lang='lat' dir='ltr'>area</span> <span class='ocrx_word' id='word_1_95' title='bbox 1058 1059 1229 1098; x_wconf 86' lang='lat' dir='ltr'>messes,</span> 
     </span>
     <span class='ocr_line' id='line_1_17' title="bbox 370 1104 1261 1156; baseline -0.001 -12"><span class='ocrx_word' id='word_1_96' title='bbox 370 1106 490 1156; x_wconf 86' lang='lat' dir='ltr'>Inque</span> <span class='ocrx_word' id='word_1_97' title='bbox 524 1117 636 1144; x_wconf 86' lang='lat' dir='ltr'>cavos</span> <span class='ocrx_word' id='word_1_98' title='bbox 668 1107 795 1143; x_wconf 89' lang='lat' dir='ltr'>ierant</span> <span class='ocrx_word' id='word_1_99' title='bbox 827 1106 941 1143; x_wconf 89' lang='lat' dir='ltr'>tertia</span> <span class='ocrx_word' id='word_1_100' title='bbox 973 1110 1099 1143; x_wconf 86' lang='lat' dir='ltr'>musta</span> <span class='ocrx_word' id='word_1_101' title='bbox 1130 1104 1261 1143; x_wconf 89' lang='lat' dir='ltr'>lacus:</span> 
     </span>
     <span class='ocr_line' id='line_1_18' title="bbox 310 1162 1460 1215; baseline 0.002 -13"><span class='ocrx_word' id='word_1_102' title='bbox 310 1163 473 1202; x_wconf 76' lang='lat' dir='ltr'>Pellitur</span> <span class='ocrx_word' id='word_1_103' title='bbox 505 1164 614 1202; x_wconf 85' lang='lat' dir='ltr'>Anna</span> <span class='ocrx_word' id='word_1_104' title='bbox 646 1163 759 1201; x_wconf 91' lang='lat' dir='ltr'>domo</span> <span class='ocrx_word' id='word_1_105' title='bbox 779 1194 790 1214; x_wconf 86' lang='lat'><em>‚</em></span> <span class='ocrx_word' id='word_1_106' title='bbox 822 1162 1106 1214; x_wconf 81' lang='lat' dir='ltr'>lacrimansque</span> <span class='ocrx_word' id='word_1_107' title='bbox 1138 1164 1287 1202; x_wconf 86' lang='lat' dir='ltr'>sororia</span> <span class='ocrx_word' id='word_1_108' title='bbox 1318 1163 1460 1215; x_wconf 85' lang='lat' dir='ltr'>linquit</span> 
     </span>
     <span class='ocr_line' id='line_1_19' title="bbox 224 1221 1305 1272; baseline -0.002 -10"><span class='ocrx_word' id='word_1_109' title='bbox 224 1232 291 1262; x_wconf 87' lang='grc'>560</span> <span class='ocrx_word' id='word_1_110' title='bbox 370 1222 548 1260; x_wconf 88' lang='lat' dir='ltr'>Moenia.</span> <span class='ocrx_word' id='word_1_111' title='bbox 605 1233 810 1272; x_wconf 81' lang='lat' dir='ltr'>germanae</span> <span class='ocrx_word' id='word_1_112' title='bbox 841 1222 942 1260; x_wconf 86' lang='lat' dir='ltr'>iusta</span> <span class='ocrx_word' id='word_1_113' title='bbox 974 1221 1039 1259; x_wconf 91' lang='lat' dir='ltr'>dat</span> <span class='ocrx_word' id='word_1_114' title='bbox 1069 1226 1156 1260; x_wconf 89' lang='lat' dir='ltr'>ante</span> <span class='ocrx_word' id='word_1_115' title='bbox 1190 1233 1305 1261; x_wconf 91' lang='lat' dir='ltr'>suae.</span> 
     </span>
     <span class='ocr_line' id='line_1_20' title="bbox 312 1279 1377 1330; baseline 0 -12"><span class='ocrx_word' id='word_1_116' title='bbox 312 1280 428 1318; x_wconf 76' lang='lat' dir='ltr'>Mixta</span> <span class='ocrx_word' id='word_1_117' title='bbox 460 1279 601 1318; x_wconf 88' lang='lat' dir='ltr'>bibunt</span> <span class='ocrx_word' id='word_1_118' title='bbox 632 1279 768 1318; x_wconf 88' lang='lat' dir='ltr'>molles</span> <span class='ocrx_word' id='word_1_119' title='bbox 798 1279 968 1318; x_wconf 83' lang='lat' dir='ltr'>lacrimis</span> <span class='ocrx_word' id='word_1_120' title='bbox 999 1285 1198 1330; x_wconf 86' lang='lat' dir='ltr'>unguenta</span> <span class='ocrx_word' id='word_1_121' title='bbox 1229 1279 1377 1319; x_wconf 85' lang='lat' dir='ltr'>favillae</span> 
     </span>
     <span class='ocr_line' id='line_1_21' title="bbox 373 1337 1184 1389; baseline 0.001 -14"><span class='ocrx_word' id='word_1_122' title='bbox 373 1338 524 1377; x_wconf 88' lang='lat' dir='ltr'>Vertice</span> <span class='ocrx_word' id='word_1_123' title='bbox 557 1337 692 1376; x_wconf 87' lang='lat' dir='ltr'>libatas</span> <span class='ocrx_word' id='word_1_124' title='bbox 726 1339 1000 1389; x_wconf 87' lang='lat' dir='ltr'>accipiuntque</span> <span class='ocrx_word' id='word_1_125' title='bbox 1032 1350 1184 1376; x_wconf 85' lang='lat' dir='ltr'>comas.</span> 
     </span>
     <span class='ocr_line' id='line_1_22' title="bbox 312 1393 1442 1448; baseline 0.001 -13"><span class='ocrx_word' id='word_1_126' title='bbox 312 1397 467 1448; x_wconf 87' lang='lat' dir='ltr'>Terque</span> <span class='ocrx_word' id='word_1_127' title='bbox 501 1393 604 1435; x_wconf 68' lang='lat' dir='ltr'>‘vale</span> <span class='ocrx_word' id='word_1_128' title='bbox 625 1393 654 1435; x_wconf 76' lang='lat'>2&#39;</span> <span class='ocrx_word' id='word_1_129' title='bbox 688 1396 813 1447; x_wconf 78' lang='lat' dir='ltr'>dixit,</span> <span class='ocrx_word' id='word_1_130' title='bbox 845 1397 998 1435; x_wconf 89' lang='lat' dir='ltr'>cineres</span> <span class='ocrx_word' id='word_1_131' title='bbox 1030 1402 1091 1434; x_wconf 89' lang='lat' dir='ltr'>ter</span> <span class='ocrx_word' id='word_1_132' title='bbox 1122 1396 1168 1435; x_wconf 90' lang='lat' dir='ltr'>ad</span> <span class='ocrx_word' id='word_1_133' title='bbox 1201 1408 1268 1435; x_wconf 89' lang='lat' dir='ltr'>ora</span> <span class='ocrx_word' id='word_1_134' title='bbox 1298 1396 1442 1436; x_wconf 88' lang='lat' dir='ltr'>relatos</span> 
     </span>
     <span class='ocr_line' id='line_1_23' title="bbox 369 1454 1285 1506; baseline 0.001 -13"><span class='ocrx_word' id='word_1_135' title='bbox 369 1455 546 1506; x_wconf 87' lang='lat' dir='ltr'>Pressit,</span> <span class='ocrx_word' id='word_1_136' title='bbox 579 1460 617 1493; x_wconf 89' lang='lat' dir='ltr'>et</span> <span class='ocrx_word' id='word_1_137' title='bbox 649 1461 708 1493; x_wconf 88' lang='lat' dir='ltr'>est</span> <span class='ocrx_word' id='word_1_138' title='bbox 739 1454 814 1493; x_wconf 90' lang='lat' dir='ltr'>illis</span> <span class='ocrx_word' id='word_1_139' title='bbox 846 1456 925 1493; x_wconf 85' lang='lat' dir='ltr'>visa</span> <span class='ocrx_word' id='word_1_140' title='bbox 958 1454 1120 1493; x_wconf 87' lang='lat' dir='ltr'>subesse</span> <span class='ocrx_word' id='word_1_141' title='bbox 1152 1466 1285 1494; x_wconf 89' lang='lat' dir='ltr'>soror.</span> 
     </span>
     <span class='ocr_line' id='line_1_24' title="bbox 225 1512 1523 1566; baseline 0.001 -14"><span class='ocrx_word' id='word_1_142' title='bbox 225 1522 291 1553; x_wconf 80' lang='grc'>565</span> <span class='ocrx_word' id='word_1_143' title='bbox 312 1513 459 1552; x_wconf 86' lang='lat' dir='ltr'>Nancta</span> <span class='ocrx_word' id='word_1_144' title='bbox 492 1519 615 1552; x_wconf 86' lang='lat' dir='ltr'>ratem</span> <span class='ocrx_word' id='word_1_145' title='bbox 649 1514 889 1564; x_wconf 85' lang='lat' dir='ltr'>comitesque</span> <span class='ocrx_word' id='word_1_146' title='bbox 921 1513 1033 1563; x_wconf 84' lang='lat' dir='ltr'>fugae</span> <span class='ocrx_word' id='word_1_147' title='bbox 1071 1512 1170 1564; x_wconf 87' lang='lat' dir='ltr'>pede</span> <span class='ocrx_word' id='word_1_148' title='bbox 1201 1512 1345 1552; x_wconf 85' lang='lat' dir='ltr'>labitur</span> <span class='ocrx_word' id='word_1_149' title='bbox 1377 1525 1523 1566; x_wconf 81' lang='lat' dir='ltr'>aequo,</span> 
     </span>
     <span class='ocr_line' id='line_1_25' title="bbox 370 1571 1273 1623; baseline -0.001 -13"><span class='ocrx_word' id='word_1_150' title='bbox 370 1571 520 1610; x_wconf 84' lang='lat' dir='ltr'>Moenia</span> <span class='ocrx_word' id='word_1_151' title='bbox 552 1573 766 1622; x_wconf 87' lang='lat' dir='ltr'>respiciens</span> <span class='ocrx_word' id='word_1_152' title='bbox 785 1602 796 1623; x_wconf 86' lang='lat'><em>‚</em></span> <span class='ocrx_word' id='word_1_153' title='bbox 828 1571 941 1610; x_wconf 88' lang='lat' dir='ltr'>dulce</span> <span class='ocrx_word' id='word_1_154' title='bbox 974 1572 1121 1610; x_wconf 87' lang='lat' dir='ltr'>sororis</span> <span class='ocrx_word' id='word_1_155' title='bbox 1152 1583 1273 1622; x_wconf 87' lang='lat' dir='ltr'>opus.</span> 
     </span>
     <span class='ocr_line' id='line_1_26' title="bbox 314 1629 1232 1680; baseline 0 -12"><span class='ocrx_word' id='word_1_156' title='bbox 314 1630 469 1669; x_wconf 83' lang='lat' dir='ltr'>Fertilis</span> <span class='ocrx_word' id='word_1_157' title='bbox 501 1635 560 1668; x_wconf 90' lang='lat' dir='ltr'>est</span> <span class='ocrx_word' id='word_1_158' title='bbox 591 1629 721 1669; x_wconf 87' lang='lat' dir='ltr'>Melite</span> <span class='ocrx_word' id='word_1_159' title='bbox 754 1629 879 1668; x_wconf 85' lang='lat' dir='ltr'>sterili</span> <span class='ocrx_word' id='word_1_160' title='bbox 910 1630 1033 1667; x_wconf 88' lang='lat' dir='ltr'>vicina</span> <span class='ocrx_word' id='word_1_161' title='bbox 1067 1629 1232 1680; x_wconf 86' lang='lat' dir='ltr'>Cosyrae</span> 
     </span>
     <span class='ocr_line' id='line_1_27' title="bbox 370 1686 1327 1739; baseline 0.001 -13"><span class='ocrx_word' id='word_1_162' title='bbox 370 1687 499 1726; x_wconf 83' lang='lat' dir='ltr'>Insula</span> <span class='ocrx_word' id='word_1_163' title='bbox 518 1720 528 1739; x_wconf 86' lang='lat'><em>‚</em></span> <span class='ocrx_word' id='word_1_164' title='bbox 561 1700 675 1738; x_wconf 88' lang='lat' dir='ltr'>quam</span> <span class='ocrx_word' id='word_1_165' title='bbox 706 1687 840 1739; x_wconf 76' lang='lat' dir='ltr'>Libyci</span> <span class='ocrx_word' id='word_1_166' title='bbox 871 1686 1050 1726; x_wconf 88' lang='lat' dir='ltr'>verberat</span> <span class='ocrx_word' id='word_1_167' title='bbox 1080 1687 1184 1726; x_wconf 89' lang='lat' dir='ltr'>unda</span> <span class='ocrx_word' id='word_1_168' title='bbox 1215 1688 1327 1727; x_wconf 82' lang='lat' dir='ltr'>freti.</span> 
     </span>
     <span class='ocr_line' id='line_1_28' title="bbox 312 1746 1296 1796; baseline 0.001 -12"><span class='ocrx_word' id='word_1_169' title='bbox 312 1746 419 1784; x_wconf 89' lang='lat' dir='ltr'>Hanc</span> <span class='ocrx_word' id='word_1_170' title='bbox 452 1747 578 1796; x_wconf 86' lang='lat' dir='ltr'>petit,</span> <span class='ocrx_word' id='word_1_171' title='bbox 610 1746 777 1796; x_wconf 88' lang='lat' dir='ltr'>hospitio</span> <span class='ocrx_word' id='word_1_172' title='bbox 810 1747 913 1796; x_wconf 85' lang='lat' dir='ltr'>regis</span> <span class='ocrx_word' id='word_1_173' title='bbox 946 1747 1089 1783; x_wconf 89' lang='lat' dir='ltr'>confisa</span> <span class='ocrx_word' id='word_1_174' title='bbox 1121 1751 1296 1785; x_wconf 90' lang='lat' dir='ltr'>vetusto.</span> 
     </span>
     <span class='ocr_line' id='line_1_29' title="bbox 225 1803 1297 1855; baseline -0.002 -12"><span class='ocrx_word' id='word_1_175' title='bbox 225 1813 292 1843; x_wconf 74' lang='lat'>570</span> <span class='ocrx_word' id='word_1_176' title='bbox 371 1804 521 1855; x_wconf 87' lang='lat' dir='ltr'>Hospes</span> <span class='ocrx_word' id='word_1_177' title='bbox 554 1815 671 1854; x_wconf 89' lang='lat' dir='ltr'>opum</span> <span class='ocrx_word' id='word_1_178' title='bbox 703 1804 808 1842; x_wconf 81' lang='lat' dir='ltr'>dives</span> <span class='ocrx_word' id='word_1_179' title='bbox 840 1815 908 1841; x_wconf 86' lang='lat' dir='ltr'>rex</span> <span class='ocrx_word' id='word_1_180' title='bbox 940 1803 993 1841; x_wconf 90' lang='lat' dir='ltr'>ibi</span> <span class='ocrx_word' id='word_1_181' title='bbox 1024 1803 1159 1841; x_wconf 85' lang='lat' dir='ltr'>Battus</span> <span class='ocrx_word' id='word_1_182' title='bbox 1191 1809 1297 1842; x_wconf 88' lang='lat' dir='ltr'>erat.</span> 
     </span>
     <span class='ocr_line' id='line_1_30' title="bbox 315 1861 1525 1914; baseline 0.001 -13"><span class='ocrx_word' id='word_1_183' title='bbox 315 1862 389 1908; x_wconf 86' lang='lat' dir='ltr'>Qui</span> <span class='ocrx_word' id='word_1_184' title='bbox 420 1867 626 1912; x_wconf 82' lang='lat' dir='ltr'>postquam</span> <span class='ocrx_word' id='word_1_185' title='bbox 658 1861 793 1900; x_wconf 88' lang='lat' dir='ltr'>didicit</span> <span class='ocrx_word' id='word_1_186' title='bbox 824 1872 936 1900; x_wconf 88' lang='lat' dir='ltr'>casus</span> <span class='ocrx_word' id='word_1_187' title='bbox 969 1862 1175 1911; x_wconf 87' lang='lat' dir='ltr'>utriusque</span> <span class='ocrx_word' id='word_1_188' title='bbox 1208 1863 1378 1914; x_wconf 83' lang='lat' dir='ltr'>sororis,</span> <span class='ocrx_word' id='word_1_189' title='bbox 1468 1871 1525 1902; x_wconf 83' lang='lat'>(99)</span> 
     </span>
     <span class='ocr_line' id='line_1_31' title="bbox 373 1916 1464 1970; baseline 0.001 -12"><span class='ocrx_word' id='word_1_190' title='bbox 373 1916 517 1958; x_wconf 74' lang='lat' dir='ltr'>‘Haec&#39;</span> <span class='ocrx_word' id='word_1_191' title='bbox 550 1921 678 1970; x_wconf 89' lang='lat' dir='ltr'>inquit</span> <span class='ocrx_word' id='word_1_192' title='bbox 709 1916 845 1958; x_wconf 72' lang='lat' dir='ltr'>‘tellus</span> <span class='ocrx_word' id='word_1_193' title='bbox 878 1919 1232 1970; x_wconf 85' lang='lat' dir='ltr'>quantulacumque</span> <span class='ocrx_word' id='word_1_194' title='bbox 1264 1925 1330 1959; x_wconf 88' lang='lat' dir='ltr'>tua</span> <span class='ocrx_word' id='word_1_195' title='bbox 1361 1918 1464 1959; x_wconf 57' lang='lat' dir='ltr'>est?</span> 
     </span>
     <span class='ocr_line' id='line_1_32' title="bbox 314 1977 1378 2029; baseline 0 -12"><span class='ocrx_word' id='word_1_196' title='bbox 314 1979 363 2018; x_wconf 88' lang='lat' dir='ltr'>Et</span> <span class='ocrx_word' id='word_1_197' title='bbox 393 1983 521 2017; x_wconf 87' lang='lat' dir='ltr'>tamen</span> <span class='ocrx_word' id='word_1_198' title='bbox 554 1977 713 2029; x_wconf 86' lang='lat' dir='ltr'>hospitii</span> <span class='ocrx_word' id='word_1_199' title='bbox 744 1984 938 2016; x_wconf 87' lang='lat' dir='ltr'>servasset</span> <span class='ocrx_word' id='word_1_200' title='bbox 969 1978 1015 2016; x_wconf 89' lang='lat' dir='ltr'>ad</span> <span class='ocrx_word' id='word_1_201' title='bbox 1047 1977 1182 2017; x_wconf 83' lang='lat' dir='ltr'>ultima</span> <span class='ocrx_word' id='word_1_202' title='bbox 1213 1989 1378 2017; x_wconf 85' lang='lat' dir='ltr'>munus.</span> 
     </span>
     <span class='ocr_line' id='line_1_33' title="bbox 374 2035 1235 2087; baseline -0.001 -12"><span class='ocrx_word' id='word_1_203' title='bbox 374 2037 449 2076; x_wconf 89' lang='lat' dir='ltr'>Sed</span> <span class='ocrx_word' id='word_1_204' title='bbox 482 2038 609 2075; x_wconf 89' lang='lat' dir='ltr'>timuit</span> <span class='ocrx_word' id='word_1_205' title='bbox 642 2048 799 2087; x_wconf 84' lang='lat' dir='ltr'>magnas</span> <span class='ocrx_word' id='word_1_206' title='bbox 830 2035 1088 2087; x_wconf 75' lang='lat' dir='ltr'>Pygmalionis</span> <span class='ocrx_word' id='word_1_207' title='bbox 1120 2048 1235 2086; x_wconf 88' lang='lat' dir='ltr'>opes.</span> 
     </span>
     <span class='ocr_line' id='line_1_34' title="bbox 228 2094 1306 2146; baseline -0.001 -13"><span class='ocrx_word' id='word_1_208' title='bbox 228 2104 293 2134; x_wconf 80' lang='grc'>575</span> <span class='ocrx_word' id='word_1_209' title='bbox 318 2096 433 2146; x_wconf 83' lang='lat' dir='ltr'>Signa</span> <span class='ocrx_word' id='word_1_210' title='bbox 464 2100 717 2134; x_wconf 86' lang='lat' dir='ltr'>recensuerat</span> <span class='ocrx_word' id='word_1_211' title='bbox 749 2094 808 2133; x_wconf 91' lang='lat' dir='ltr'>bis</span> <span class='ocrx_word' id='word_1_212' title='bbox 841 2094 896 2133; x_wconf 87' lang='lat' dir='ltr'>sol</span> <span class='ocrx_word' id='word_1_213' title='bbox 929 2106 1023 2145; x_wconf 86' lang='lat' dir='ltr'>sua,</span> <span class='ocrx_word' id='word_1_214' title='bbox 1055 2096 1195 2133; x_wconf 85' lang='lat' dir='ltr'>tertius</span> <span class='ocrx_word' id='word_1_215' title='bbox 1226 2094 1306 2132; x_wconf 92' lang='lat' dir='ltr'>ibat</span> 
     </span>
     <span class='ocr_line' id='line_1_35' title="bbox 373 2152 1331 2205; baseline -0.002 -13"><span class='ocrx_word' id='word_1_216' title='bbox 373 2155 507 2192; x_wconf 81' lang='lat' dir='ltr'>Annus</span> <span class='ocrx_word' id='word_1_217' title='bbox 526 2185 537 2205; x_wconf 86' lang='lat'><em>‚</em></span> <span class='ocrx_word' id='word_1_218' title='bbox 570 2159 608 2192; x_wconf 91' lang='lat' dir='ltr'>et</span> <span class='ocrx_word' id='word_1_219' title='bbox 639 2153 752 2191; x_wconf 86' lang='lat' dir='ltr'>exilio</span> <span class='ocrx_word' id='word_1_220' title='bbox 784 2158 890 2191; x_wconf 89' lang='lat' dir='ltr'>terra</span> <span class='ocrx_word' id='word_1_221' title='bbox 922 2152 1090 2204; x_wconf 88' lang='lat' dir='ltr'>paranda</span> <span class='ocrx_word' id='word_1_222' title='bbox 1121 2164 1218 2190; x_wconf 89' lang='lat' dir='ltr'>nova</span> <span class='ocrx_word' id='word_1_223' title='bbox 1251 2157 1331 2190; x_wconf 93' lang='lat' dir='ltr'>est.</span> 
     </span>
     <span class='ocr_line' id='line_1_36' title="bbox 314 2210 1445 2262; baseline -0.002 -12"><span class='ocrx_word' id='word_1_224' title='bbox 314 2212 450 2250; x_wconf 86' lang='lat' dir='ltr'>Frater</span> <span class='ocrx_word' id='word_1_225' title='bbox 483 2212 618 2262; x_wconf 88' lang='lat' dir='ltr'>adest,</span> <span class='ocrx_word' id='word_1_226' title='bbox 651 2210 830 2262; x_wconf 91' lang='lat' dir='ltr'>belloque</span> <span class='ocrx_word' id='word_1_227' title='bbox 862 2213 987 2262; x_wconf 89' lang='lat' dir='ltr'>petit.</span> <span class='ocrx_word' id='word_1_228' title='bbox 1044 2222 1112 2248; x_wconf 85' lang='lat' dir='ltr'>rex</span> <span class='ocrx_word' id='word_1_229' title='bbox 1144 2221 1249 2248; x_wconf 90' lang='lat' dir='ltr'>arma</span> <span class='ocrx_word' id='word_1_230' title='bbox 1281 2221 1445 2260; x_wconf 88' lang='lat' dir='ltr'>perosus</span> 
     </span>
     <span class='ocr_line' id='line_1_37' title="bbox 375 2265 1378 2321; baseline -0.002 -13"><span class='ocrx_word' id='word_1_231' title='bbox 375 2267 473 2308; x_wconf 75' lang='lat' dir='ltr'>‘Nos</span> <span class='ocrx_word' id='word_1_232' title='bbox 506 2281 641 2308; x_wconf 87' lang='lat' dir='ltr'>sumus</span> <span class='ocrx_word' id='word_1_233' title='bbox 672 2268 858 2321; x_wconf 85' lang='lat' dir='ltr'>inbelles,</span> <span class='ocrx_word' id='word_1_234' title='bbox 891 2274 933 2308; x_wconf 91' lang='lat' dir='ltr'>tu</span> <span class='ocrx_word' id='word_1_235' title='bbox 965 2269 1054 2319; x_wconf 85' lang='lat' dir='ltr'>fuge</span> <span class='ocrx_word' id='word_1_236' title='bbox 1087 2279 1220 2319; x_wconf 86' lang='lat' dir='ltr'>sospes</span> <span class='ocrx_word' id='word_1_237' title='bbox 1241 2265 1271 2307; x_wconf 71' lang='lat'>2⁹</span> <span class='ocrx_word' id='word_1_238' title='bbox 1304 2269 1378 2307; x_wconf 88' lang='lat' dir='ltr'>ait.</span> 
     </span>
     <span class='ocr_line' id='line_1_38' title="bbox 316 2325 1442 2379; baseline -0.002 -13"><span class='ocrx_word' id='word_1_239' title='bbox 316 2327 424 2366; x_wconf 90' lang='lat' dir='ltr'>Iussa</span> <span class='ocrx_word' id='word_1_240' title='bbox 456 2329 554 2378; x_wconf 86' lang='lat' dir='ltr'>sugit</span> <span class='ocrx_word' id='word_1_241' title='bbox 573 2359 583 2379; x_wconf 86' lang='lat'>‚</span> <span class='ocrx_word' id='word_1_242' title='bbox 615 2333 808 2378; x_wconf 88' lang='lat' dir='ltr'>ventoque</span> <span class='ocrx_word' id='word_1_243' title='bbox 841 2333 963 2367; x_wconf 90' lang='lat' dir='ltr'>ratem</span> <span class='ocrx_word' id='word_1_244' title='bbox 996 2328 1203 2366; x_wconf 84' lang='lat' dir='ltr'>committit</span> <span class='ocrx_word' id='word_1_245' title='bbox 1234 2332 1274 2365; x_wconf 90' lang='lat' dir='ltr'>et</span> <span class='ocrx_word' id='word_1_246' title='bbox 1304 2325 1442 2365; x_wconf 89' lang='lat' dir='ltr'>undis.</span> 
     </span>
    </p>
   </div>
  </div>
 </body>
</html>
