1570 2527
154 127 238 169 152
708 129 772 160 Ex
796 127 953 161 PONTo

268 235 445 287 Denique
477 241 608 275 tantus
640 248 749 274 amor
780 235 892 274 nobis
910 266 921 288 ‚
954 237 1183 288 carissime,
1215 247 1393 288 semper,

329 294 506 340 Quantus
538 296 577 333 in
609 294 774 333 Aeacide
806 294 1090 346 Nestorideque
1123 295 1218 334 fuit.

270 352 356 392 Non
390 365 460 403 ego
480 383 490 403 ‚
523 354 556 391 si
586 352 744 391 biberes
777 364 938 392 securae
969 353 1108 404 pocula
1139 353 1306 404 Lethes,

329 410 520 449 Excidere
552 410 649 449 haec
682 410 838 450 credam
863 417 1023 462 pectore
1056 423 1170 463 posse
1202 417 1294 450 tuo.

207 476 250 508 25
270 468 402 519 Longa
435 468 517 507 dies
550 470 665 508 citius
696 468 863 507 brumali
895 469 1022 508 sidere
1041 501 1052 521 ‚
1084 481 1238 520 noxque

329 526 494 565 Tardior
524 527 689 566 hiberna
719 527 931 566 solstitialis
964 528 1061 579 erit,

271 584 351 624 Nec
377 585 548 636 Babylon
575 592 748 637 aestum,
782 597 855 624 nec
882 586 1025 636 frigora
1051 585 1201 624 Pontus
1231 585 1413 637 habebit,
1432 594 1489 627 (50)

332 643 543 694 Calthaque
575 644 783 683 Paestanas
815 645 944 682 vincet
976 643 1095 683 odore
1127 656 1260 696 rosas,

273 702 397 748 Quam
429 701 501 741 tibi
533 708 757 742 nostrarum
788 703 945 741 veniant
977 701 1116 741 oblivia
1148 715 1304 744 rerum.

208 769 252 800 30
332 760 418 799 Non
450 762 503 799 ita
534 773 624 812 pars
657 761 725 800 fati
757 760 918 799 candida
949 760 1055 799 nulla
1085 763 1163 799 mei
1195 767 1278 800 est.

271 818 327 858 Ne
360 825 489 858 tamen
521 819 617 858 haec
649 819 726 858 dici
757 820 881 870 possit
911 819 1053 858 fiducia
1085 819 1251 858 mendax

333 877 538 928 Stultaque
571 877 782 916 credulitas
814 883 948 916 nostra
980 877 1102 916 fuisse
1121 908 1131 928 ,
1164 889 1280 929 cave,

273 935 554 986 Constantique
587 936 662 974 fide
694 941 868 975 veterem
900 941 1029 974 tutare
1063 935 1256 986 sodalem,

333 994 417 1040 Qua
448 993 540 1033 licet
571 1000 610 1033 et
642 999 832 1046 quantum
864 1006 941 1032 non
974 1006 1165 1033 onerosus
1198 1006 1288 1033 ero,

796 1121 851 1168 V.

275 1226 439 1265 Condita
472 1226 694 1278 disparibus
726 1228 902 1265 numeris
934 1238 1005 1277 ego
1037 1226 1139 1265 Naso
1172 1226 1310 1266 Salano

332 1284 560 1335 Praeposita
591 1287 681 1324 misi
713 1285 830 1324 verba
862 1285 986 1324 salute
1019 1297 1129 1337 meo3

274 1342 380 1388 Quae
412 1349 495 1382 rata
528 1345 578 1382 sit
610 1345 724 1395 cupio
743 1374 754 1395 ,
786 1343 985 1395 rebusque
1017 1349 1062 1382 ut
1093 1348 1289 1394 competat
1320 1355 1457 1396 omen,

333 1401 388 1440 Te
421 1414 562 1453 precor
594 1414 615 1440 a
648 1402 749 1441 salvo
782 1404 936 1454 possit,
967 1403 1121 1453 amice,
1153 1401 1250 1452 legi.

240 1469 259 1499 5
281 1459 461 1511 Candor,
493 1462 532 1499 in
564 1460 639 1499 hoc
671 1473 762 1499 aevo
796 1473 860 1499 res
892 1462 1151 1499 intermortua
1182 1472 1330 1512 paene,

333 1518 491 1570 Exigit,
522 1525 567 1557 ut
599 1520 735 1557 faciam
767 1519 857 1557 talia
888 1525 1005 1570 vota,
1037 1524 1153 1557 tuus.

274 1576 371 1615 Nam
403 1578 545 1616 fuerim
579 1579 754 1628 quamvis
786 1577 938 1616 modico
970 1577 1041 1616 tibi
1072 1578 1230 1616 iunctus
1262 1576 1309 1615 ab
1341 1589 1440 1629 usu,

334 1635 485 1674 Diceris
518 1636 643 1675 exiliis
675 1636 889 1674 indoluisse
921 1637 1042 1674 meis:

275 1693 470 1745 Missaque
502 1693 549 1732 ab
581 1694 733 1733 Euxino
765 1694 918 1745 legeres
951 1706 1040 1733 cum
1072 1695 1244 1732 carmina
1274 1693 1424 1745 Ponto,

213 1760 255 1791 10
334 1752 401 1790 Illa
433 1758 525 1790 tuus
557 1753 655 1790 iuvit
687 1752 985 1802 qualiacumque
1018 1752 1148 1791 favor:

276 1810 507 1861 Optastique
539 1809 699 1848 brevem
731 1810 824 1848 salvi
855 1810 950 1848 mihi
982 1809 1157 1848 Caesaris
1190 1811 1311 1862 iram,

336 1868 448 1914 Quod
480 1874 611 1907 tamen
643 1870 797 1919 optari,
830 1870 864 1906 si
895 1869 1020 1919 sciat,
1052 1869 1136 1918 ipse
1169 1869 1292 1907 sinat.

276 1927 451 1966 Moribus
482 1929 557 1965 ista
588 1929 666 1966 tuis
698 1934 777 1965 tam
799 1928 914 1965 mitia
947 1931 1034 1964 vota
1067 1926 1232 1977 dedisti,

336 1985 416 2024 Nec
448 1987 578 2024 minus
612 1985 758 2024 idcirco
792 1991 884 2024 sunt
915 1997 959 2023 ea
991 1990 1099 2034 grata
1132 1984 1245 2022 mihi.

214 2052 255 2082 15
278 2044 443 2095 Quoque
470 2046 592 2095 magis
617 2055 796 2082 moveare
822 2043 955 2094 malis,
983 2043 1232 2095 doctissime,
1257 2044 1422 2094 nostris,
1438 2050 1495 2083 (51)

338 2102 531 2142 Credibile
565 2109 625 2141 est
656 2103 741 2141 fieri
774 2102 1001 2141 condicione
1034 2101 1132 2140 loci.

278 2160 347 2199 Vix
378 2161 451 2200 hac
482 2163 658 2200 invenies
690 2166 815 2200 totum
834 2191 845 2212 ‚
878 2159 973 2198 mihi
1004 2159 1121 2198 crede
1140 2191 1151 2211 ‚
1182 2171 1253 2210 per
1284 2159 1442 2211 orbem,

338 2219 444 2265 Quae
477 2221 607 2259 minus
638 2220 813 2269 Augusta
844 2230 938 2270 pace
972 2218 1125 2256 fruatur
1158 2218 1322 2257 humus.

277 2277 336 2316 Tu
368 2283 498 2316 tamen
530 2278 593 2316 hic
626 2284 797 2317 structos
829 2279 932 2316 inter
963 2277 1044 2315 fera
1075 2276 1223 2327 proelia
1255 2289 1391 2316 versus

214 2343 257 2374 20
337 2334 386 2374 Et
417 2335 513 2386 legis
547 2343 584 2375 et
616 2336 738 2375 lectos
771 2348 838 2375 ore
871 2336 1024 2374 favente
1056 2334 1221 2386 probas,
