1570 2527
170 94 230 148 94
724 107 950 139 TRISTIUM

289 215 387 267 1110,
420 217 484 254 cui
515 221 656 267 paret,
687 216 820 254 mitius
853 214 958 254 orbis
990 214 1129 254 habet.

291 274 449 313 Scilicet
481 281 524 312 ut
556 285 634 312 non
667 279 726 312 est
758 286 829 324 per
861 275 937 312 vim
971 272 1202 325 superabilis
1235 272 1326 326 ulli,

289 332 402 370 Molle
437 343 504 370 cor
537 331 583 370 ad
617 332 771 370 timidas
804 333 860 370 sic
893 331 1009 371 habet
1040 331 1104 370 ille
1135 343 1298 384 preces,

290 390 556 441 Exemploque
590 390 735 442 deum,
768 390 910 441 quibus
943 402 1174 429 accessurus
1207 396 1247 429 et
1276 391 1360 441 ipse
1393 395 1478 442 est,

226 458 271 488 30
291 447 321 499 ’ξ-
354 448 450 487 Cum
482 460 629 499 poenae
662 450 772 487 venia
805 449 915 500 plura
948 448 1118 499 roganda
1149 454 1301 500 petam.

293 507 333 545 Si
366 519 550 545 numeres
583 519 682 545 anno
717 507 818 545 soles
852 513 890 545 et
921 506 1052 545 nubila
1085 512 1189 559 toto,

291 564 470 604 Invenies
503 565 669 603 nitidum
702 567 858 616 saepius
891 577 978 603 esse
1011 565 1132 604 diem.

290 623 393 674 Ergo
427 635 474 662 ne
508 625 669 662 nimium
703 630 836 662 nostra
868 623 1013 662 laetere
1045 624 1182 671 ruina,
1283 668 1286 671 ⁴

291 682 460 721 Restitui
493 682 689 733 quondam
721 694 783 720 me
816 693 972 733 quoque
1004 694 1118 733 posse
1151 687 1265 733 puta.

227 749 270 780 35
291 740 412 779 Posse
444 747 538 792 puta
570 741 654 779 fieri
673 772 683 792 ‚
715 740 833 779 lenito
866 742 1042 791 principe
1075 740 1204 779 vultus

292 798 341 838 Ut
372 798 503 837 videas
535 799 661 838 media
694 800 816 837 tristis
849 800 889 837 in
921 798 1025 837 Urbe
1057 810 1189 849 meos,

292 856 419 908 thue
452 869 522 908 ego
556 863 593 896 te
626 856 775 895 videam
808 869 923 895 causa
955 858 1131 907 graviore
1163 857 1361 907 fugatum.

291 915 395 955 Haec
428 921 520 955 sunt
552 927 572 954 a
603 917 740 967 primis
771 917 948 966 proxima
981 921 1065 954 vota
1097 916 1217 954 meis.

762 1043 911 1089 VIIII.

293 1148 323 1188 Ο
357 1153 423 1187 tua
456 1150 488 1187 si
520 1149 670 1187 sineres
702 1150 742 1187 in
774 1149 920 1187 nostris
953 1149 1109 1187 nomina
1140 1149 1234 1200 poni

293 1207 568 1259 Carminibus,
600 1209 751 1258 positus
785 1219 901 1258 quam
934 1207 1027 1245 mihi
1060 1219 1174 1258 saepe
1207 1204 1334 1246 fores!

293 1266 347 1304 Te
381 1277 562 1304 canerem
596 1265 751 1318 solum,
784 1267 913 1304 meriti
946 1277 1094 1304 memor
1114 1297 1124 1316 ,
1163 1267 1281 1316 inque
1313 1263 1452 1304 libellis

296 1324 492 1363 Crevisset
524 1326 606 1362 sine
640 1330 677 1362 te
711 1325 848 1375 pagina
880 1323 984 1362 nulla
1016 1325 1130 1362 meis.

253 1392 272 1421 5
295 1383 395 1428 Quid
428 1381 498 1420 tibi
531 1381 714 1421 deberem
734 1413 744 1433 ,
777 1388 855 1420 tota
888 1383 1057 1421 sciretur
1089 1383 1126 1420 in
1162 1381 1287 1434 Urbe,

294 1441 394 1479 Exul
426 1442 465 1479 in
499 1442 638 1479 amissa
671 1442 705 1478 si
736 1446 864 1479 tamen
897 1439 1001 1479 Urbe
1033 1439 1161 1491 legor.

294 1499 348 1538 Te
381 1511 568 1550 praesens
601 1500 734 1537 mitem
767 1505 930 1550 nosset,
963 1505 1000 1537 te
1034 1500 1159 1537 serior
1191 1504 1316 1549 aetas,

295 1558 448 1609 Scripta
481 1563 713 1596 vetustatem
747 1559 779 1595 si
812 1557 925 1595 modo
959 1562 1092 1596 nostra
1124 1558 1279 1608 ferunt,

294 1616 374 1654 Nec
407 1615 478 1654 tibi
510 1621 683 1654 cessaret
715 1615 853 1654 doctus
887 1615 985 1654 bene
1019 1615 1149 1654 dicere
1182 1615 1327 1654 lector.

232 1683 273 1712 10
295 1673 365 1712 Hic
400 1679 435 1712 te
469 1680 620 1712 servato
654 1680 737 1712 vate
771 1680 946 1712 maneret
977 1674 1125 1712 honor.

295 1732 470 1771 Caesaris
503 1737 562 1770 est
594 1733 763 1782 primum
796 1743 966 1782 munus,
999 1731 1101 1782 quod
1134 1731 1314 1770 ducimus
1346 1743 1482 1783 auras;

295 1790 425 1829 Gratia
457 1796 546 1841 post
577 1801 737 1840 magnos
770 1795 828 1828 est
862 1789 930 1828 tibi
962 1789 1137 1828 habenda
1171 1790 1287 1829 deos.

295 1848 361 1887 llle
394 1848 500 1887 dedit
531 1849 671 1898 vitam3
703 1855 769 1897 tu,
803 1859 917 1898 quam
950 1847 1055 1886 dedit
1087 1847 1179 1899 ille,
1211 1849 1359 1900 tueris,
1405 1861 1409 1864 ·

294 1907 344 1946 Et
376 1908 470 1945 facis
502 1912 660 1958 accepto
694 1918 856 1945 munere
889 1918 1004 1957 posse
1039 1906 1137 1944 frui.

234 1974 274 2004 15
296 1966 471 2016 Cumque
503 1964 775 2016 perhorruerit
807 1976 918 2003 casus
951 1976 1040 2015 pars
1073 1966 1237 2003 maxima
1268 1969 1447 2015 nostr08‚

295 2024 390 2062 Pars
423 2025 538 2063 etiam
571 2023 678 2062 credi
711 2024 959 2074 pertimuisse
994 2023 1108 2073 velit,

295 2082 627 2133 Naufragiumque
660 2093 791 2120 meum
823 2081 971 2120 tumulo
1005 2083 1192 2132 spectarit
1222 2080 1269 2119 ab
1301 2080 1377 2119 alto
1391 2110 1412 2133 ‚,

295 2141 376 2180 Nec
408 2140 559 2180 dederit
592 2142 698 2179 nanti
733 2152 801 2192 per
835 2140 931 2178 freta
964 2151 1075 2178 saeva
1109 2151 1287 2191 manum,

298 2199 541 2238 Seminecem
575 2198 704 2251 Stygia
737 2199 927 2237 revocasti
960 2197 1065 2237 solus
1098 2198 1144 2236 ab
1177 2197 1301 2237 unda.

233 2266 276 2297 20
297 2257 379 2296 Hoc
400 2270 580 2309 quoque,
601 2257 704 2308 quod
725 2269 918 2296 memores
938 2268 1147 2307 possumus
1168 2268 1277 2308 esse,
1302 2262 1412 2295 tuum
1434 2260 1511 2294 est.

296 2315 341 2354 Di
373 2315 443 2354 tibi
476 2328 517 2354 se
551 2315 725 2355 tribuant
756 2328 844 2355 cum
879 2315 1041 2355 Caesare
1075 2327 1228 2366 semper
1261 2316 1430 2354 amicos:
