1570 2527
194 105 249 146 92
744 104 970 137 TRISTIUM

310 215 436 265 Atque
468 214 617 252 utinam
648 214 750 251 vivat
782 217 820 251 et
853 224 930 251 non
961 214 1151 252 moriatur
1181 214 1222 252 in
1253 213 1353 266 illis,

310 272 421 310 Absit
452 271 498 310 ab
530 272 664 309 invisis
698 276 736 310 et
767 277 895 310 tamen
927 271 1064 310 umbra
1096 271 1210 310 locis!

248 338 290 369 25
312 330 490 369 Carmina
523 329 626 380 quod
657 329 773 380 pleno
805 329 937 369 saltari
968 335 1101 368 nostra
1134 330 1285 368 theatro

315 387 500 427 Versibus
534 392 573 426 et
604 387 735 438 plaudi
768 387 937 439 scribis,
970 389 1117 439 amice,
1148 389 1271 427 meis:

311 446 372 485 Nil
404 445 587 497 equidem
618 446 693 485 feci
722 468 772 473 —-
801 452 843 485 tu
877 448 953 484 scis
985 446 1059 485 1100
1090 448 1175 497 ipse
1203 468 1256 474 —-
1283 446 1469 498 theatris,

312 504 420 543 Musa
451 516 524 543 nee
555 506 595 543 in
627 504 788 555 plausus
820 503 1022 542 ambitiosa
1054 516 1140 542 mea
1172 510 1253 543 est.

314 562 399 601 Non
432 568 561 601 tamen
592 564 789 613 ingratum
820 567 904 614 est,
937 562 1213 613 quodcumque
1240 562 1379 602 oblivia
1404 564 1529 602 nostri

249 629 292 659 30
314 620 480 672 Impedit
512 626 552 660 et
581 622 738 672 profugi
770 632 911 659 nomen
943 622 984 659 in
1016 633 1084 659 ora
1115 621 1259 659 refert.

314 680 497 724 Quamvis
529 679 726 718 interdum
746 710 757 730 ‚
790 691 888 730 quae
921 691 982 717 me
1014 678 1173 718 laesisse
1206 679 1393 718 recordor

312 737 491 776 Carmina
523 737 691 776 devoveo
724 737 977 788 Pieridasque
1010 749 1139 790 meas,

313 795 410 834 Cum
442 795 542 834 bene
574 796 733 847 devovi,
765 808 917 845 nequeo
950 802 1080 834 tamen
1113 808 1198 834 esse
1231 797 1315 835 sine
1346 795 1447 848 illis,

312 853 627 904 Vulneribusque
660 856 756 892 meis
789 854 865 892 tela
897 860 1060 892 cruenta
1093 866 1260 905 sequor3

248 920 291 951 35
313 912 499 963 Quaeque
532 912 646 950 modo
678 911 864 950 Euboicis
889 912 1056 950 lacerata
1082 918 1142 950 est
1167 911 1378 963 fluetibus,
1413 911 1533 950 audet

314 971 427 1009 Graia
460 970 696 1021 Capheream
730 982 891 1008 currere
923 971 1066 1021 puppis
1099 982 1260 1021 aquam.

313 1028 393 1067 Nec
424 1034 553 1068 tamen
575 1060 585 1080 ‚
616 1034 659 1067 ut
689 1028 853 1080 lauder,
886 1028 1000 1078 vigilo
1033 1040 1245 1079 curamque
1278 1029 1401 1067 futuri

314 1087 490 1125 Nominis
509 1118 520 1139 ‚
552 1087 686 1125 utilius
720 1087 822 1137 quod
855 1087 1061 1138 latuisset,
1093 1099 1190 1137 ago.

313 1145 475 1184 Detineo
509 1144 648 1183 studiis
680 1147 851 1183 animum
884 1145 1051 1196 falloque
1085 1145 1263 1197 dolores,

249 1211 293 1242 40
314 1203 506 1254 Experior
538 1205 644 1242 curis
677 1209 715 1242 et
747 1203 838 1241 dare
870 1203 987 1242 verba
1018 1205 1137 1242 meis.

314 1262 414 1308 Quid
446 1263 577 1312 potius
609 1261 746 1300 faciam
779 1261 944 1300 desertis
977 1261 1082 1300 solus
1114 1263 1154 1300 in
1187 1263 1290 1313 oris,

314 1320 484 1365 Quamve
517 1319 627 1358 malis
660 1320 769 1358 aliam
799 1332 987 1370 quaerere
1021 1332 1140 1358 coner
1171 1316 1320 1370 opem?

315 1378 402 1416 Sive
434 1377 562 1416 locum
595 1383 728 1428 specto
747 1408 758 1429 ‚
790 1378 898 1416 locus
931 1384 990 1416 est
1021 1377 1237 1416 inamabilis
1256 1408 1267 1429 ‚
1300 1382 1339 1416 et
1370 1389 1447 1428 quo

313 1435 408 1475 Esse
441 1436 538 1474 nihil
570 1441 652 1475 toto
684 1437 836 1474 tristius
869 1435 963 1474 orbe
996 1442 1150 1488 potest,

248 1502 292 1534 45
314 1495 401 1533 Sive
434 1494 642 1546 homines,
678 1495 741 1533 vix
774 1500 864 1533 sunt
896 1494 1074 1533 homines
1105 1494 1179 1533 1100
1210 1495 1367 1533 nomine
1400 1493 1530 1545 digni,

314 1553 517 1604 Quamque
550 1552 632 1604 lupi
663 1565 798 1591 saevae
830 1553 917 1604 plus
950 1553 1114 1592 feritatis
1146 1552 1312 1592 habent.

313 1611 399 1650 Non
430 1616 613 1650 metuunt
643 1611 747 1662 leges
767 1643 778 1662 ‚
811 1611 879 1649 sed
912 1611 1015 1649 cedit
1046 1611 1194 1650 viribus
1227 1622 1418 1662 aequum,

313 1668 500 1720 Victaque
533 1671 700 1720 pugnaci
731 1671 817 1707 lura
849 1669 922 1707 sub
956 1681 1049 1708 ense
1081 1671 1232 1708 iacent.

312 1726 484 1766 Pellibus
517 1732 556 1765 et
587 1727 682 1765 laxis
715 1732 848 1765 arcent
882 1727 978 1765 mala
1011 1728 1155 1777 frigora
1187 1727 1341 1778 bracis,

250 1794 293 1825 50
314 1785 469 1836 Oraque
502 1790 593 1824 sunt
623 1785 747 1835 longis
779 1784 937 1822 horrida
968 1790 1070 1823 tecta
1102 1787 1243 1824 comis.

314 1844 357 1882 In
390 1845 523 1894 paucis
556 1848 688 1882 extant
719 1842 887 1881 Graecae
920 1845 1081 1893 vestigia
1111 1843 1291 1895 linguae,

313 1901 416 1940 Haec
449 1913 605 1953 quoque
636 1903 712 1940 iam
744 1900 878 1939 Getico
910 1901 1073 1939 barbara
1105 1902 1205 1940 facta
1237 1913 1359 1941 sono.

314 1960 422 1999 Unus
454 1962 493 1998 in
525 1959 599 1998 hoc
632 1971 745 1998 nemo
778 1965 838 1997 est
868 1959 1010 2010 populo
1030 1991 1040 2011 ,
1073 1962 1140 2010 qui
1171 1961 1274 1998 forte
1300 1960 1436 1999 Latine

316 2018 521 2064 Quaelibet
553 2030 573 2056 e
606 2017 733 2056 medio
765 2017 929 2056 reddere
961 2018 1079 2056 verba
1111 2023 1249 2069 queat.

252 2086 294 2116 55
315 2076 383 2115 llle
416 2089 487 2127 ego
519 2076 716 2115 Romanus
748 2082 854 2115 vates
881 2097 934 2102 —
962 2078 1152 2126 ignoscite
1172 2107 1183 2128 ‚
1215 2074 1371 2114 Musae!
1398 2097 1454 2102 —

316 2135 529 2173 Sarmatico
563 2146 681 2185 cogor
712 2134 879 2185 plurima
911 2146 1018 2172 more
1050 2135 1182 2185 loqui.

315 2193 374 2231 En
405 2193 528 2244 pudet
559 2199 598 2232 et
629 2193 782 2243 fateor,
814 2194 890 2231 iam
922 2191 1179 2231 desuetudine
1212 2191 1325 2243 longa

315 2251 384 2289 Vix
418 2251 589 2290 subeunt
620 2253 694 2302 ipsi
726 2250 844 2289 verba
866 2250 1001 2289 Latina
1025 2250 1143 2290 mihi.

314 2309 393 2347 Nec
426 2309 560 2347 dubito
580 2341 590 2361 ,
624 2310 717 2359 quin
751 2310 828 2348 sint
860 2314 898 2347 et
930 2311 970 2347 in
1002 2308 1076 2347 1100
1108 2321 1186 2348 non
1216 2319 1340 2360 pauca
1371 2306 1499 2346 libello
