1570 2527
632 139 660 172 1.
689 141 883 173 105—176.
1335 137 1418 179 217

114 258 179 288 140
258 248 358 287 ans
390 253 522 299 partes
554 247 834 299 hesperiasque
867 248 1005 287 simul.

199 307 276 346 Ora
308 307 414 346 vides
447 306 613 346 Hecates
645 308 686 345 in
718 313 798 346 tres
831 308 1022 346 vertentia
1054 312 1208 359 parteS,

259 366 395 405 Servet
427 371 471 404 ut
502 367 542 404 in
574 371 708 404 ternas
741 367 909 416 compita
943 371 1047 404 secta
1081 367 1184 404 vias.

198 424 247 463 Et
278 425 400 477 mihi,
433 436 482 463 ne
514 424 617 463 flexu
650 426 814 463 cervicis
848 430 1023 475 tempora
1055 425 1242 476 perdam,

257 483 426 522 Cernere
459 495 538 522 non
569 489 674 522 moto
708 495 872 534 corpore
904 483 995 521 bina
1027 480 1161 522 licet.'

113 551 177 582 145
200 542 381 581 Dixerat:
426 547 464 581 et
496 542 632 595 voltu,
664 543 697 581 si
728 542 841 593 plura
873 543 1077 593 requirere
1110 541 1271 592 vellem,

259 600 461 639 Difficilem
495 601 591 639 mihi
623 613 663 640 se
696 613 773 639 non
807 601 890 639 fore
923 602 1050 640 fassus
1082 606 1188 639 erat.

200 659 357 711 Sumpsi
388 661 589 712 animum,
622 665 831 710 gratesque
865 660 936 698 deo
970 672 1047 698 non
1080 660 1242 698 territus
1276 658 1360 708 egi,

256 717 460 769 Verbaque
494 730 580 757 sum
613 724 795 769 spectans
827 725 939 769 pacta
971 718 1125 757 locutus
1158 718 1343 756 humum:

200 774 319 829 εΒία,
352 789 451 829 age,
485 777 696 827 frigoribus
729 789 849 827 quare
883 790 1007 816 novus
1038 778 1176 827 incipit
1208 787 1355 826 annus,

111 844 177 875 150
258 835 334 881 Qui
366 835 505 874 melius
537 847 607 886 per
640 847 706 874 ver
739 835 986 886 incipiendus
1020 833 1143 873 erat?

198 893 336 933 Omnia
367 899 461 932 tunc
494 894 663 945 florent,
697 900 791 932 tunc
824 900 884 932 est
916 906 1014 932 nova
1046 894 1236 944 temporis
1269 898 1397 932 aetas:

254 952 304 991 Et
336 965 432 991 nova
466 952 512 991 de
546 953 704 1003 gravido
738 952 895 1003 palmite
928 964 1079 1004 gemma
1112 957 1261 1003 tumet,

196 1010 245 1050 Et
277 1011 389 1049 modo
423 1011 599 1050 formatis
633 1013 810 1062 operitur
842 1011 1048 1050 frondibus
1081 1010 1220 1061 arbor,

256 1070 393 1108 Prodit
426 1076 464 1109 et
495 1072 536 1108 in
568 1083 763 1109 summum
796 1071 957 1109 seminis
989 1069 1110 1108 herba
1143 1069 1291 1108 solum:

113 1137 178 1168 155
199 1128 249 1168 Et
281 1128 456 1179 tepidum
489 1129 669 1167 volucres
702 1128 959 1168 concentibus
992 1133 1081 1168 aera
1114 1128 1309 1178 mulcent,

257 1186 376 1226 Ludit
409 1193 447 1226 et
478 1189 517 1226 in
551 1189 672 1238 pratis
704 1187 955 1238 luxuriatque
988 1200 1132 1238 pecus.

199 1246 299 1284 Tum
330 1245 463 1284 blandi
495 1246 596 1285 soles
616 1277 626 1297 ,
658 1247 868 1297 ignotaque
901 1247 1032 1297 prodit
1063 1246 1232 1284 hirundo

256 1304 306 1343 Et
336 1304 486 1343 luteum
520 1305 622 1343 celsa
655 1304 728 1343 sub
760 1305 870 1343 trabe
904 1306 986 1355 figit
1018 1317 1139 1355 opus:

197 1363 296 1402 Tum
329 1365 476 1414 patitur
509 1363 638 1402 cultus
671 1375 763 1414 ager
796 1369 834 1402 et
866 1369 1077 1402 renovatur
1109 1369 1258 1402 aratro.

112 1431 177 1462 160
257 1422 361 1460 Haec
394 1423 483 1460 anni
516 1424 666 1460 novitas
698 1424 784 1460 iure
817 1422 988 1461 vocanda
1021 1418 1138 1460 suit.'

200 1481 453 1527 Quaesieram
486 1480 648 1519 multis:
692 1493 769 1519 non
803 1480 937 1519 multis
968 1481 1032 1519 ille
1065 1486 1239 1519 moratus

260 1539 433 1578 Contulit
464 1541 504 1577 in
539 1551 674 1578 versus
706 1541 762 1578 sic
795 1551 864 1578 sua
897 1539 1015 1578 verba
1046 1539 1168 1578 duos:

200 1595 364 1637 ‘Bruma
395 1599 486 1636 novi
516 1600 641 1649 prima
675 1603 763 1649 est,
801 1600 1025 1649 veterisque
1064 1599 1273 1637 novissima
1307 1596 1422 1637 solis:

258 1656 500 1708 Principium
533 1659 692 1708 capiunt
724 1656 906 1695 Phoebus
940 1663 978 1695 et
1010 1669 1134 1695 annus
1166 1653 1315 1695 idem.’

112 1724 178 1756 165
200 1716 294 1754 Post
325 1728 370 1754 ea
402 1715 600 1767 mirabar,
633 1728 704 1754 cur
736 1727 814 1754 non
848 1717 932 1754 sine
965 1715 1100 1754 litibus
1133 1720 1238 1754 esset

257 1774 387 1813 Prima
420 1774 533 1813 dies.
586 1771 763 1813 ‘causam
795 1771 999 1825 percipe!'
1050 1774 1166 1813 Ianus
1199 1775 1273 1813 ait.

199 1830 413 1884 ‘Tempora
446 1834 623 1872 commisi
655 1835 854 1872 nascentia
887 1833 1006 1872 rebus
1040 1833 1224 1885 agendis,

259 1891 381 1931 Totus
414 1891 460 1931 ab
493 1893 668 1943 auspicio
700 1904 749 1931 ne
780 1893 884 1930 foret
916 1904 1042 1931 annus
1073 1894 1202 1930 iners.

198 1950 372 2001 Quisque
406 1963 496 1990 suas
529 1958 632 1990 artes
665 1950 714 1989 ob
746 1950 850 1989 idem
883 1950 1027 1989 delibat
1059 1951 1232 2001 agendo,

112 2018 178 2049 170
257 2009 337 2048 Nec
368 2009 456 2060 plus
490 2021 606 2060 quam
638 2009 796 2048 solitum
828 2010 1062 2048 testificatur
1095 2005 1237 2059 opUS.³

197 2067 284 2107 Mox
317 2080 417 2120 ego,
451 2064 544 2107 ‘cur
562 2099 572 2120 ,
606 2070 781 2120 quamvis
814 2068 979 2106 aliorum
1011 2069 1170 2106 numina
1203 2067 1375 2118 placem,

255 2126 345 2165 Iane
364 2158 375 2179 ,
407 2126 478 2165 tibi
510 2128 682 2178 primum
712 2133 801 2165 tura
833 2138 1065 2177 merumque
1098 2122 1237 2164 feroP'

199 2181 270 2224 ‘Ut
301 2187 429 2236 possis
461 2185 609 2225 aditum
640 2198 712 2237 per
743 2197 805 2224 me
824 2216 835 2236 ,
869 2187 935 2236 qui
967 2185 1098 2223 limina
1131 2196 1267 2236 servo,

256 2244 313 2282 Ad
346 2256 616 2296 quoscumque
649 2240 775 2283 voles'
808 2245 937 2294 inquit
969 2240 1134 2282 ‘habere
1169 2240 1307 2282 deos.'

113 2311 178 2342 175
200 2299 270 2341 ‘At
301 2315 373 2341 cur
404 2303 502 2342 laeta
534 2305 613 2342 tuis
647 2303 833 2342 dicuntur
865 2301 981 2341 verba
1014 2301 1218 2352 Kalendis,

257 2359 307 2399 Et
339 2361 476 2401 damus
508 2362 677 2401 alternas
711 2362 1003 2413 accipimusque
1036 2371 1175 2413 preces
1188 2357 1230 2399 ‘P'
