1570 2527
203 101 260 142 42
764 100 990 132 TRISTIUM

258 219 301 250 25
323 210 426 262 Ergo
458 221 529 260 ego
563 221 648 248 sum
682 207 824 248 dubius
856 211 955 248 vitae
975 239 986 261 ,
1017 213 1059 247 tu
1093 208 1256 246 forsitan
1288 209 1377 247 istic

322 268 539 308 Iucundum
573 269 700 306 nostri
731 269 863 307 nescia
895 273 1049 318 tempus
1082 264 1197 317 agis?

322 327 407 366 Non
441 328 551 378 agis3
584 326 775 365 adfirmo.
825 326 949 377 liquet
980 326 1082 376 hoc,
1116 326 1344 377 carissima,
1376 324 1513 376 nobis,

323 385 494 436 Tempus
526 385 587 435 agi
619 386 702 423 sine
735 397 797 423 me
830 397 907 423 non
940 385 1016 423 nisi
1047 385 1159 423 triste
1193 383 1287 423 tibi.

324 444 364 482 Si
396 449 525 482 tamen
558 443 720 494 inplevit
751 455 836 482 mea
869 455 953 481 sors
973 474 983 493 ,
1017 454 1115 493 quos
1148 442 1311 494 debuit,
1344 454 1489 495 annos,

261 511 303 541 30
326 501 374 540 Et
406 501 500 540 mihi
534 501 686 540 vivendi
718 507 796 540 tam
829 502 905 539 cito
939 502 1026 539 finis
1059 500 1192 552 adest,

324 560 520 606 Quantum
553 566 665 612 erat,
698 572 719 598 o
752 560 910 610 magni,
941 560 1134 597 morituro
1165 570 1327 610 parcere
1346 590 1357 611 ,
1389 559 1489 611 divi,

321 618 371 657 Ut
403 618 539 657 saltem
571 620 695 669 patrIa
728 617 1020 656 contumularer
1051 615 1205 656 humo?

323 676 390 715 Vel
423 689 548 728 poena
579 678 618 715 in
652 683 806 728 tempus
839 677 977 715 mortis
1009 676 1125 714 dilata
1158 676 1298 715 suisset
1309 708 1320 729 ‚

322 734 389 774 Vel
421 737 687 787 praecepisset
718 747 824 774 mors
856 741 1063 786 properata
1096 735 1248 785 sugam.

259 803 301 833 35
323 793 479 844 Integer
510 794 609 832 hanc
640 795 750 844 potui
783 806 908 845 nuper
940 793 1038 831 bene
1072 793 1236 831 reddere
1268 793 1419 845 lucem3

322 852 422 890 Exul
454 857 498 890 ut
529 852 750 891 occiderem
770 883 780 903 ‚
812 864 916 890 nunc
949 851 1044 890 mihi
1076 852 1152 889 vita
1185 851 1270 889 data
1304 858 1385 891 est.

322 911 417 949 Tam
448 910 586 961 procul
617 911 762 960 ignotis
794 911 913 960 igitur
945 911 1160 948 moriemur
1191 911 1231 948 in
1264 911 1366 963 oris,

322 969 371 1008 Et
402 969 498 1007 fient
528 970 613 1020 ipso
645 970 771 1007 tristia
805 968 881 1006 sata
912 967 1021 1020 loco3

321 1027 401 1066 Nec
433 1039 517 1065 mea
551 1033 738 1066 consueto
771 1026 1025 1077 languescent
1057 1038 1221 1077 corpora
1253 1026 1377 1079 lecto,

257 1094 301 1125 40
323 1086 549 1136 Depositum
583 1098 654 1124 nec
688 1098 748 1124 me
782 1087 848 1136 qui
880 1085 997 1137 sseat,
1029 1085 1132 1124 ullus
1164 1086 1263 1137 erit3

322 1144 401 1182 Nec
434 1144 612 1182 dominae
645 1143 815 1183 lacrimis
848 1145 887 1182 in
920 1149 1052 1182 nostra
1086 1142 1315 1182 cadentibus
1347 1155 1416 1182 ora

320 1203 517 1241 Accedent
549 1204 698 1241 animae
731 1208 906 1253 tempora
938 1214 1055 1253 parva
1087 1214 1221 1254 meae3

321 1261 400 1300 Nec
432 1261 610 1300 mandata
643 1260 770 1312 dabo,
803 1273 875 1299 nec
908 1273 998 1299 cum
1029 1260 1197 1299 clamore
1230 1272 1414 1311 supremo

320 1319 514 1358 Labentes
547 1319 681 1358 oculos
714 1319 856 1357 condet
887 1321 1008 1358 amica
1041 1331 1201 1370 manus,

257 1386 300 1416 45
323 1377 399 1417 Sed
432 1379 516 1416 sine
549 1377 754 1416 funeribus
787 1383 903 1428 caput
935 1378 1008 1416 hoc
1027 1408 1038 1429 ‚
1073 1379 1158 1416 sine
1190 1377 1339 1416 honore
1373 1377 1543 1430 sepulcri

320 1436 610 1487 Indeploratum
643 1435 806 1474 barbara
838 1443 943 1474 terra
975 1435 1102 1486 teget!

322 1494 473 1545 Ecquid
493 1525 504 1546 ,
536 1494 603 1534 ubi
635 1495 806 1533 audieris
826 1526 836 1546 ‚
868 1500 949 1533 tota
981 1493 1191 1533 turbabere
1223 1499 1376 1546 mente,

321 1553 371 1591 Et
403 1554 519 1592 series
552 1553 687 1604 pavida
719 1558 877 1604 pectora
910 1553 985 1591 fida
1018 1550 1168 1592 manu‘?

320 1611 501 1663 Ecquid,
539 1613 579 1650 in
612 1611 681 1650 has
714 1612 858 1650 frustra
891 1611 1057 1650 tendens
1094 1617 1160 1650 tua
1198 1610 1356 1650 brachia
1389 1617 1542 1665 partes,

258 1678 301 1709 50
323 1669 512 1708 Clamabis
545 1671 679 1708 miseri
711 1682 852 1708 nomen
886 1671 1001 1708 inane
1032 1667 1143 1708 viri?

321 1728 443 1766 Parce
475 1734 605 1766 tamen
638 1727 809 1766 lacerare
842 1740 990 1779 genas,
1023 1740 1095 1766 nec
1128 1727 1261 1766 scinde
1295 1728 1478 1779 capillos:

320 1786 404 1825 Non
438 1785 510 1824 tibi
542 1798 646 1825 nunc
679 1788 878 1838 primum,
910 1786 975 1824 lux
1008 1798 1091 1824 mea
1112 1817 1122 1837 ‚
1154 1793 1289 1837 raptus
1322 1799 1413 1826 ero.

321 1845 418 1884 Cum
450 1846 614 1896 patriam
648 1845 788 1896 amisi,
820 1850 914 1883 tunc
947 1857 1008 1883 ine
1040 1845 1205 1895 periisse
1238 1851 1396 1895 putato,

321 1903 370 1942 Et
401 1905 510 1954 prior
543 1908 582 1942 et
613 1904 766 1954 gravior
799 1915 903 1942 mors
936 1903 1009 1942 suit
1040 1903 1103 1942 illa
1135 1903 1253 1942 mihi,

258 1971 300 2001 55
322 1962 463 2014 Nunc,
508 1963 542 2000 si
585 1961 685 2000 sorte
728 1967 869 2012 potes,
901 1983 952 1988 —
1000 1961 1066 2000 sed
1106 1974 1184 2000 non
1221 1967 1357 2014 potes,
1398 1964 1541 2014 optima

825 2032 994 2058 coniunx
1020 2041 1073 2046 —

321 2078 460 2117 Finitis
494 2078 617 2129 gaude
651 2084 707 2117 tot
739 2078 832 2117 1111111
865 2084 990 2116 morte
1023 2078 1154 2117 malis.

322 2136 433 2182 Quod
467 2142 608 2188 potes,
643 2142 808 2176 extenua
840 2137 931 2175 sorti
965 2136 1061 2175 mala
1094 2137 1210 2175 corde
1244 2136 1429 2189 serendo,

321 2195 376 2233 Ad
411 2207 509 2245 quae
542 2197 617 2233 iam
650 2196 801 2246 pridem
833 2207 911 2234 non
944 2195 1042 2233 rude
1073 2201 1211 2246 pectus
1243 2194 1387 2234 habes.

320 2253 446 2303 Atque
478 2255 626 2292 utinam
660 2260 822 2304 pereant
854 2256 1002 2292 animae
1042 2266 1131 2292 cum
1164 2266 1329 2305 corpore
1360 2260 1534 2305 nostrae,

258 2320 300 2351 60
321 2311 568 2363 Effugiatque
601 2313 732 2351 avidos
764 2325 854 2364 pars
887 2312 983 2352 mihi
1014 2312 1119 2351 nulla
1151 2324 1291 2363 rogos.
