1570 2527
180 101 237 142 24
732 104 958 137 TRISTIUM

299 211 453 263 Inspice
485 213 609 250 maius
642 223 740 262 opus
759 243 770 264 ,
808 212 912 262 quod
950 212 1075 252 adhuc
1112 214 1196 252 sine
1228 213 1304 252 fine
1337 217 1514 267 tenetur,

300 270 343 308 In
376 282 455 308 non
488 269 706 308 credendos
739 282 902 321 corpora
934 283 1045 309 versa
1077 271 1236 310 modos:

234 336 277 366 65
299 327 478 366 Invenies
510 329 631 366 vestri
662 330 868 378 praeconia
901 330 1068 368 nominis
1100 329 1178 368 illic
1189 360 1200 381 ,

299 386 476 424 Invenies
510 387 627 424 animi
659 387 822 437 pignora
853 387 973 426 multa
1005 389 1104 426 mei.

297 444 383 482 Non
417 449 482 482 tua
514 443 752 483 carminibus
784 446 907 484 maior
937 446 981 484 fit
1011 445 1163 497 gloria,
1195 457 1267 485 nec
1299 458 1401 498 quo,

298 502 348 540 Ut
379 503 502 540 maior
533 502 627 553 fiat,
659 514 839 542 crescere
870 504 1022 554 possit,
1053 502 1192 542 habet.

298 560 414 598 Fama
447 560 527 598 Iovi
560 566 769 611 superest:
820 566 949 599 tamen
980 561 1085 599 hunc
1117 572 1186 599 sua
1215 562 1315 601 facta
1346 562 1487 601 referri

235 626 278 657 70
299 618 348 657 Et
380 630 420 657 se
453 619 655 657 materiam
688 620 870 657 carminis
904 630 989 657 esse
1021 621 1148 670 iuvat,

299 676 474 726 Cumque
508 676 685 727 Gigantei
717 683 983 716 memorantur
1014 676 1161 728 proelia
1192 677 1306 731 belli,

300 734 493 773 Credibile
526 740 586 773 est
617 735 762 774 laetum
792 734 972 774 laudibus
1006 747 1091 774 esse
1124 737 1228 774 suis.

300 793 354 831 Te
389 792 588 832 celebrant
619 793 681 831 alii
713 798 858 844 quanto
890 793 1003 832 decet
1035 806 1132 846 ore,
1164 799 1330 844 tuasque

297 851 457 902 Ingenio
489 851 622 890 laudes
655 851 838 890 uberiore
871 857 1037 890 canunt.

234 917 276 948 75
300 909 375 948 Sed
409 915 567 961 tamen,
599 915 643 948 ut
674 910 760 948 suso
793 916 997 948 taurorum
1030 911 1218 960 sanguine
1251 914 1435 962 centum,

300 967 363 1006 Sic
397 969 548 1018 capitur
581 969 740 1006 minimo
775 970 873 1006 turis
905 968 1053 1007 honore
1086 968 1206 1007 deus.

297 1025 356 1064 A!
390 1026 497 1064 ferus
531 1031 569 1064 et
600 1025 712 1064 nobis
745 1026 940 1065 crudelior
973 1026 1154 1065 omnibus
1185 1026 1339 1078 hostis,

298 1083 463 1122 Delicias
495 1084 589 1134 legit
621 1086 688 1134 qui
719 1084 791 1122 tibi
823 1096 991 1135 cumque
1024 1083 1151 1123 meas!

299 1141 479 1180 Carmina
510 1154 599 1180 nam
632 1144 777 1181 nostris
810 1148 905 1193 quot
937 1148 974 1181 te
1007 1144 1231 1181 venerantia
1262 1142 1373 1181 libris

233 1208 277 1238 80
298 1199 444 1238 Indicio
476 1201 629 1250 possint
661 1200 884 1238 candidiore
916 1199 1014 1251 legi!

299 1258 394 1296 Esse
428 1258 495 1296 sed
528 1259 625 1296 irato
660 1259 746 1308 quis
778 1263 817 1296 te
850 1258 944 1296 mihi
976 1263 1109 1308 posset
1141 1256 1323 1297 amicus?

300 1315 369 1354 Vix
401 1321 494 1354 tunc
527 1318 609 1367 ipse
642 1315 738 1354 mihi
770 1327 846 1354 non
879 1317 1060 1354 inimicus
1093 1328 1222 1354 eram.

299 1373 396 1412 Cum
429 1375 557 1424 coepit
589 1379 770 1424 quassata
802 1374 941 1413 domus
974 1373 1177 1413 subsidere
1197 1405 1208 1426 ,
1238 1379 1370 1425 partes

298 1431 341 1470 In
373 1431 610 1483 proclinatas
642 1444 757 1470 omne
790 1431 984 1470 recumbit
1015 1444 1138 1483 onus,

233 1498 277 1529 85
300 1490 527 1541 Cunctaque
559 1491 715 1529 fortuna
747 1491 884 1528 rimam
917 1490 1082 1529 faciente
1115 1490 1345 1530 dehiscunt.

299 1546 328 1598 †
361 1548 448 1600 lpse
481 1560 551 1586 suo
586 1549 752 1599 quodam
784 1548 958 1599 pondere
991 1554 1114 1588 tracta
1145 1554 1288 1588 ruunt.

298 1606 401 1657 Ergo
440 1606 643 1645 hominum
682 1608 901 1657 quaesitum
941 1606 1074 1645 odium
1116 1607 1210 1646 mihi
1247 1607 1418 1646 carmine
1439 1638 1452 1660 ,

865 1677 1041 1715 quosque

299 1721 469 1774 Debuit,
501 1728 561 1761 est
593 1722 722 1761 vultus
755 1721 870 1761 turba
902 1728 1036 1761 secuta
1068 1728 1179 1761 tuos.

300 1781 377 1831 At,
410 1782 598 1831 memini,
630 1782 824 1831 vitamque
858 1792 983 1819 meam
1014 1793 1223 1832 moresque
1254 1779 1447 1832 probabas

235 1837 368 1878 901110
388 1869 398 1889 ,
432 1850 547 1889 quern
579 1838 742 1876 dederas
761 1870 772 1890 ,
803 1841 1090 1890 praetereuntis
1123 1851 1246 1890 eque.

300 1896 431 1945 [Quod
464 1897 497 1934 si
528 1909 606 1935 non
637 1896 799 1947 prodest
829 1902 868 1935 et
899 1897 1054 1936 honesti
1083 1897 1206 1948 gloria
1237 1897 1341 1936 nulla

298 1954 518 2006 Redditur,
551 1961 588 1993 at
619 1954 767 1993 nullum
801 1956 949 1994 crimen
981 1955 1145 2006 adeptus
1178 1957 1252 1994 erit
1266 1954 1292 2005 .]

302 2012 382 2051 Nec
414 2012 512 2051 male
545 2014 751 2051 commissa
783 2019 843 2052 est
874 2013 985 2052 nohis
1018 2014 1175 2053 fortuna
1206 2025 1363 2052 reorum

298 2071 442 2122 Lisque
475 2071 609 2109 decem
643 2071 801 2110 deciens
831 2072 1073 2122 inspicienda
1104 2073 1219 2110 viris.

236 2137 279 2168 95
300 2129 377 2167 Res
410 2141 566 2179 quoque
599 2131 767 2179 privatas
800 2131 917 2168 statui
949 2131 1032 2168 sine
1065 2131 1227 2168 crimine
1258 2129 1398 2180 iudex,

300 2187 434 2237 Deque
467 2199 552 2225 mea
585 2188 686 2225 fassa
718 2193 777 2226 est
807 2200 897 2239 pars
929 2199 1084 2238 quoque
1119 2189 1216 2226 victa
1248 2186 1344 2225 fide.

301 2244 361 2283 Me
395 2244 611 2284 miserum!
648 2246 789 2297 potui,
821 2247 854 2284 si
885 2257 963 2283 non
996 2252 1167 2284 extrema
1198 2249 1414 2296 nocerent,

301 2302 448 2342 Iudicio
481 2308 590 2342 tutus
622 2315 701 2341 non
733 2303 854 2342 semel
885 2315 971 2342 esse
1004 2310 1093 2342 tuo.
