1570 2527
574 115 600 147 I.
628 122 677 147 111
700 116 848 148 15-88.
1301 109 1384 152 129

218 222 304 262 Non
336 221 474 261 salices
505 223 619 274 ripa,
652 220 794 260 robora
828 226 958 262 monte
989 221 1141 260 virent.

142 281 263 321 -Neve
295 281 439 319 fretum
471 279 606 319 laudes
639 285 744 319 terra
776 282 897 330 magis
916 312 927 331 ‚
959 291 1128 330 aequora
1160 290 1316 329 semper

218 338 433 378 Ventorum
464 338 572 378 rabie
605 338 753 378 solibus
786 338 880 377 orba
913 343 1088 377 tument.

95 406 140 438 55
161 398 418 448 Quocumque
451 398 645 450 aspicies,
679 398 805 448 campi
838 396 988 436 cultore
1021 401 1200 435 carentes

221 456 441 509 Vastaque,
475 468 573 507 quae
606 467 719 495 nemo
753 455 951 506 vindicet,
985 467 1073 493 arva
1105 456 1255 493 iacent.

160 514 292 554 Hostis
325 514 435 553 adest
467 514 603 554 dextra
635 514 819 565 laevaque
852 526 872 552 a
902 519 1013 565 parte
1046 512 1265 565 timendus,

220 573 434 624 vicinoque
466 579 574 612 metu
607 578 730 612 terret
762 578 973 623 utrumque
1007 571 1130 611 latus.

162 631 291 671 Altera
323 631 517 670 Bistonias
550 644 640 683 pars
673 637 734 670 est
765 643 929 670 sensura
962 632 1147 669 sarissas:

98 699 141 730 60
222 689 353 729 Altera
386 689 599 729 Sarmatica
631 689 779 741 spicula
813 691 930 728 missa
961 701 1101 728 manu.

162 748 176 787 1
210 760 314 788 nunc
347 754 385 787 et
416 754 594 787 veterum
627 748 738 786 nobis
771 747 946 799 exempla
977 749 1175 799 virorum,
1329 753 1386 785 (14)

221 806 297 852 Qui
328 807 420 845 forti
452 818 585 846 casum
618 812 748 845 mente
780 806 930 857 tulere,
962 806 1091 857 refer,

162 864 211 904 Et
242 877 357 915 grave
389 866 626 916 magnanimi
656 864 778 903 robur
810 865 954 903 mirare
985 864 1107 902 Rutili

220 923 306 962 Non
339 925 402 963 usi
434 923 583 962 reditus
617 923 846 962 condicione
879 923 980 961 dati.

98 991 141 1023 65
164 982 328 1034 Smyrna
360 983 487 1022 virum
519 983 674 1034 tenuit,
707 993 785 1020 non
810 981 960 1020 Pontus
993 987 1032 1019 et
1063 980 1213 1019 hostica
1245 978 1387 1031 tellus,

220 1041 348 1080 Paene
381 1042 511 1080 minus
543 1041 649 1080 nullo
683 1040 847 1092 Smyrna
878 1039 1047 1090 petenda
1079 1039 1187 1082 loco.

163 1099 249 1138 Non
282 1099 406 1139 doluit
437 1101 562 1150 patria
595 1099 761 1150 Cynicus
793 1098 933 1150 procul
965 1110 1051 1137 esse
1085 1097 1302 1149 Sinopeus;

222 1157 334 1209 Legit
366 1159 471 1196 enim
504 1158 617 1197 sedes
636 1190 646 1210 ,
680 1158 806 1196 Attica
838 1163 973 1209 terra,
1005 1162 1116 1196 tuas.

163 1216 515 1255 Arma‘Neoclides
548 1218 615 1267 qui
647 1216 803 1255 Persica
835 1215 1014 1255 contudit
1045 1216 1186 1267 armis,

100 1284 144 1315 70
224 1274 402 1326 Argolica
434 1277 601 1325 primam
634 1275 758 1313 sensit
788 1276 829 1312 in
861 1273 959 1313 urbe
992 1274 1146 1323 sugam.

165 1333 307 1373 Pulsus
339 1333 532 1372 Aristides
564 1334 689 1384 patria
721 1332 1011 1371 Lacedaemona
1043 1332 1164 1383 fugit,

223 1392 329 1431 Inter
362 1404 458 1444 quas
490 1391 682 1443 dubium,
716 1404 813 1442 quae
846 1392 954 1442 prior
987 1396 1119 1441 esset,
1153 1395 1258 1429 erat.

166 1451 291 1489 Caede
323 1463 422 1501 puer
455 1451 554 1489 facta
586 1449 789 1489 Patroclus
822 1449 977 1501 Opunta
1009 1449 1194 1501 reliquit,

222 1509 564 1559 Thessalicamque
598 1508 692 1547 adiit
722 1508 866 1559 hospes
897 1507 1058 1546 Achillis
1089 1507 1274 1546 humum.

101 1577 145 1609 75
166 1567 265 1607 Exul
297 1567 345 1606 ab
378 1567 589 1606 Haemonia
621 1567 804 1606 Pirenida
837 1568 957 1605 cessit
989 1566 1035 1605 ad
1068 1565 1235 1617 undam,

225 1626 311 1672 Quo
344 1626 442 1665 duce
476 1625 582 1664 trabs
615 1625 758 1664 Colcha
790 1637 899 1664 sacra
931 1625 1109 1664 cucurrit
1141 1636 1261 1675 aqua.

167 1684 299 1736 Liquit
330 1685 570 1736 Agenorides
604 1684 761 1723 Sidonia
793 1685 945 1723 moenia
979 1683 1171 1736 Cadmus,

226 1744 396 1782 Poneret
428 1749 471 1782 ut
503 1754 636 1782 muros
668 1744 709 1781 in
741 1742 902 1781 meliore
935 1742 1046 1781 loco.

166 1802 280 1841 Venit
311 1802 358 1841 ad
391 1801 600 1840 Adrastum
632 1801 788 1853 Tydeus
821 1800 1014 1852 Calydone
1048 1801 1226 1851 fugatus,

102 1869 146 1902 80
227 1860 275 1900 Et
306 1860 504 1900 Teucrum
536 1860 678 1899 Veneri
709 1865 818 1911 grata
849 1861 999 1911 recepit
1029 1859 1196 1898 humus.

167 1919 269 1965 Ouid
300 1919 468 1958 referam
500 1925 653 1958 veteres
685 1918 881 1957 Romanae
914 1920 1041 1969 gentis
1061 1949 1072 1969 ,
1104 1917 1205 1969 apud
1239 1928 1337 1968 quos

227 1977 417 2017 Exulibus
452 1977 565 2016 tellus
598 1977 734 2017 ultima
765 1977 889 2016 Tibur
921 1974 1038 2016 erat?

168 2036 390 2087 Persequar
416 2042 460 2075 ut
485 2041 672 2088 cunctos,
704 2035 802 2074 nulli
828 2035 940 2074 datus
968 2033 1149 2073 omnihus
1176 2034 1279 2072 aevis
1335 2041 1391 2074 (15)

228 2095 323 2134 Tam
356 2094 493 2146 procul
525 2106 545 2133 a
577 2096 701 2146 patria
735 2100 794 2133 est
824 2093 1070 2132 horridiorve
1102 2092 1231 2132 loeus.

103 2162 147 2194 85
169 2153 253 2200 Quo
287 2155 409 2204 magis
442 2155 618 2205 ignoscat
649 2153 839 2204 sapientia
871 2158 1000 2191 vestra
1032 2150 1202 2201 dolenti,

227 2211 303 2258 Qui
337 2213 427 2251 facit
458 2224 504 2251 ex
538 2212 653 2251 dictis
685 2224 763 2250 non
795 2213 847 2250 ita
880 2210 1000 2249 multa
1031 2211 1133 2249 tuis.
1339 2227 1388 2236 --

169 2270 249 2309 Nec
282 2277 411 2310 tamen
443 2271 590 2310 infitior
609 2302 619 2322 ,
652 2272 685 2309 si
716 2270 870 2321 possint
901 2275 1035 2308 nostra
1068 2269 1172 2307 coire

229 2328 425 2381 Vulnera,
459 2330 680 2380 praeceptis
712 2340 826 2380 posse
860 2329 964 2367 coire
997 2328 1098 2367 tuis.

122 2401 227 2428 ovm.
266 2402 322 2429 111.
1160 2394 1180 2426 9
