1570 2527
130 82 199 118 XII

247 192 355 231 Haec
381 192 472 241 quia
497 191 783 241 propemodum
809 192 937 230 omnia
962 192 1002 230 in
1028 192 1108 242 illo,
1133 193 1180 230 de
1207 205 1282 242 quo
1302 205 1464 231 exorsus

131 263 234 298 sum,
271 251 355 288 loco
388 250 750 299 deprehenduntur,
787 251 978 288 librorum
1009 251 1183 300 ipsorum
1214 252 1313 289 hanc
1343 252 1463 289 inter-

129 309 340 358 polationis
366 308 691 357 significationem
711 308 800 346 dixi.
867 312 1023 346 tantum
1043 309 1090 346 de
1117 312 1363 358 pentametro
1380 311 1464 348 130

131 367 327 404 evidentia
365 379 499 404 eorum
536 366 646 403 nulla
683 369 786 415 erat,
823 379 941 415 quam
979 367 1201 416 opinionem
1231 368 1360 416 posui,
1399 368 1464 405 ad-

130 425 314 463 miniculo
351 425 478 462 utitur
516 436 667 471 eorum,
706 437 805 473 quae
838 428 1065 473 sequuntur.
1135 426 1322 474 siquando
1361 426 1462 464 eius-

130 483 219 521 dem
255 483 361 520 modi
397 482 583 520 iudicium
618 482 824 520 ferendum
863 483 931 528 sit,
977 483 1024 519 de
1062 483 1180 520 simili
1215 484 1465 523 firmamento

130 541 414 590 providendum
447 540 532 578 erit.

247 599 444 637 Versuum
483 599 728 648 singulorum
765 599 926 636 lacunae
964 598 1005 636 in
1043 599 1239 636 codicibus
1271 601 1367 638 satis
1397 613 1464 638 ve-

130 658 250 695 tustis
288 659 404 706 longe
442 659 534 694 sunt
569 657 872 705 frequentiores,
916 669 1034 705 quam
1070 658 1354 706 expectaveris,
1397 659 1467 696 ubi

130 718 256 753 metro
301 715 472 765 elegiaco
516 715 768 752 librariorum
805 715 1005 753 adcuratio
1045 717 1260 754 sustentari
1296 717 1462 765 poterat.

132 774 200 812 sed
232 774 362 822 aliquo
382 777 559 822 tempore
586 775 677 810 ante
705 774 903 811 saeculum
928 786 953 810 x
980 776 1130 811 certum
1156 776 1216 811 est
1241 774 1464 823 Fastorum,

131 833 402 878 Ponticorum,
448 832 637 869 Tristium
680 832 801 869 libros
844 832 1102 880 pentametris
1144 845 1223 869 non
1263 833 1466 871 subductis

132 891 298 939 scriptos
334 890 467 929 fuisse.
541 890 608 938 qui
644 902 781 927 versus
817 890 1068 940 neglegentia
1101 890 1317 928 scribarum
1346 892 1466 929 inter-

131 949 328 998 ciderunt,
367 949 530 986 saeculis
570 948 659 985 inde
698 949 746 985 ab
784 957 833 985 XI
864 948 970 985 haud
1006 948 1063 986 ita
1098 949 1230 997 inepte
1266 949 1465 987 interdum

132 1007 305 1056 suppleti
353 1007 614 1055 reperiuntur.
695 1007 865 1044 alterum
913 1019 1036 1056 genus
1087 1009 1148 1045 est
1196 1019 1348 1055 eorum,
1399 1008 1467 1057 qui

131 1067 220 1103 labe
253 1066 386 1114 aliqua
416 1065 560 1103 veteris
593 1065 797 1113 archetypi
824 1065 1023 1113 absumpti
1046 1065 1218 1114 fuerunt,
1251 1066 1298 1103 de
1323 1067 1466 1115 quibus

133 1125 215 1161 sine
247 1124 397 1161 idoneis
429 1123 670 1174 argumentis
709 1123 931 1161 coniectura
962 1136 1039 1160 non
1070 1126 1134 1161 est
1164 1124 1365 1172 capienda:
1405 1127 1464 1163 ta-

132 1195 222 1219 men
254 1183 435 1231 quinque,
469 1194 567 1230 quae
598 1194 752 1230 ponam,
785 1183 963 1230 exempla
988 1182 1197 1219 collineare
1224 1182 1274 1220 ad
1300 1183 1382 1221 eius
1408 1183 1467 1221 rei

132 1241 173 1278 in
203 1240 314 1278 Ibide
347 1241 514 1288 speciem
545 1240 832 1279 informandam
863 1240 1095 1288 putaverim.

251 1299 296 1337 V.
331 1300 415 1337 374
453 1301 517 1345 Qui
549 1302 642 1336 tecta
673 1299 880 1336 Intrarunt
910 1311 1041 1336 caecae
1071 1310 1146 1336 non
1175 1300 1369 1337 redeunda
1400 1301 1464 1338 clo-

133 1370 218 1394 mus
248 1357 400 1405 pridem
420 1357 635 1394 Schradero
668 1357 879 1405 displicuit.
953 1360 1045 1394 tecta
1071 1369 1202 1395 caecae
1227 1359 1359 1395 domus
1378 1370 1467 1396 cum

133 1427 252 1453 versu
289 1415 658 1462 Metamorphoseon
689 1414 787 1452 VIII
822 1416 902 1452 153
942 1415 1192 1452 mediocriter
1228 1416 1465 1465 conspirant.

134 1476 232 1511 tecta
266 1485 342 1511 uon
373 1474 568 1511 redeunda
593 1473 688 1510 satis
714 1473 924 1511 infeliciter
952 1473 1160 1511 imitantur
1190 1476 1468 1512 inremeabilem

134 1543 300 1569 errorem
331 1531 499 1580 Vergilii
530 1531 565 1566 V
598 1533 699 1569 591:
738 1534 852 1579 putes
890 1533 939 1570 ab
971 1532 1045 1569 hoc
1081 1532 1238 1569 homine
1277 1535 1376 1570 texta
1411 1545 1468 1570 re-

135 1591 287 1628 cleumla
324 1601 371 1626 ex
408 1589 635 1638 Vergiliano
673 1589 888 1627 Parietibus
931 1593 1071 1627 textum
1106 1592 1178 1627 iter
1222 1591 1304 1628 589
1350 1590 1469 1628 scribi

134 1648 321 1696 potuisse.
391 1647 541 1684 Neuius
585 1647 632 1684 de
675 1647 871 1684 locutione
910 1646 1101 1684 Ovidiana
1137 1660 1215 1685 non
1252 1647 1466 1687 dubitavit:

136 1706 291 1754 scripsit
323 1705 489 1742 similem
521 1705 595 1753 eis,
627 1705 674 1742 de
705 1705 848 1753 quibus
878 1714 912 1742 ΙΙ
943 1719 1005 1754 pp.
1040 1707 1124 1744 260
1158 1707 1238 1744 261
1274 1708 1469 1756 exposuit,

135 1764 244 1802 cuius
271 1764 378 1801 modi
403 1763 507 1812 apud
528 1763 711 1801 Ovidium
738 1766 830 1801 sunt
856 1767 1000 1801 cessata
1025 1767 1194 1811 tempora
1214 1764 1304 1802 Met.
1325 1765 1361 1802 X
1383 1767 1465 1804 669

135 1825 174 1861 et
206 1835 302 1861 arva
321 1822 427 1860 Fast.
447 1822 528 1859 IIII
550 1823 645 1869 617,
667 1824 784 1859 errati
803 1824 888 1869 [tyri
912 1822 1019 1859 Fast.
1045 1822 1105 1859 III
1127 1823 1222 1870 655,
1243 1826 1365 1861 terrae
1384 1823 1468 1861 IIII

137 1882 240 1928 673,
282 1881 518 1918 redundatae
559 1892 681 1927 aquae
711 1879 767 1917 VI
799 1881 882 1917 422
917 1880 1032 1918 Trist.
1066 1880 1127 1917 ΙΙΙ
1158 1889 1190 1918 Χ
1224 1882 1297 1929 52,
1337 1881 1471 1929 Cybele

136 1940 330 1977 exululata
355 1939 460 1976 Fast.
488 1938 545 1975 VI
576 1940 669 1976 136.
736 1938 959 1987 putaverim
991 1941 1031 1976 et
1056 1939 1152 1977 haec
1178 1940 1274 1977 satis
1300 1939 1469 1987 differre,

135 2010 206 2035 nec
225 2009 325 2046 quae
345 1997 520 2046 proxime
540 1996 695 2045 paginis
716 1998 904 2045 quattuor
924 1997 1159 2035 doctissimis
1178 2001 1469 2046 percensentur,

136 2056 344 2104 quicquam
387 2056 581 2098 conferre,
625 2057 783 2104 praeter
824 2055 1005 2092 fortassis
1042 2056 1157 2103 illud,
1201 2055 1305 2104 quod
1341 2056 1470 2094 Plinio

135 2114 301 2162 placuit,
338 2113 428 2151 Nat.
461 2114 497 2152 h.
529 2113 697 2150 XXXVI
730 2114 813 2151 104
851 2113 897 2150 de
929 2114 1026 2150 urbe
1057 2114 1183 2151 Roma
1218 2126 1288 2162 per
1319 2115 1471 2153 cloacas

134 2173 273 2220 pensili
302 2171 408 2209 facta
440 2174 480 2209 et
511 2174 637 2210 subter
665 2173 864 2219 naviyala:
903 2183 993 2208 nam
1024 2173 1154 2210 urbem
1183 2174 1363 2219 uavz'yarz'
1393 2184 1472 2210 non

136 2231 261 2268 multo
293 2230 533 2267 commodius
565 2230 641 2267 dici
672 2242 772 2278 reor,
803 2242 919 2278 quam
952 2231 1104 2268 domum
1128 2241 1204 2268 uon
1227 2231 1472 2279 redeundum,

137 2288 401 2337 stribliginem
430 2288 690 2326 manifestam.
1169 2276 1180 2288 ’
