1570 2527
194 112 279 154 260
731 115 985 148 FASTORUM

369 221 569 272 virgineas
600 221 724 261 oculis
756 224 984 273 opposuisse
1017 236 1176 263 manus.

310 281 386 318 Ara
418 280 511 318 deae
544 285 651 318 certe
683 282 844 319 tremuit
874 283 1049 331 pariente
1081 284 1282 336 ministra,

368 337 418 376 Et
449 338 570 376 subiit
600 339 752 377 cineres
784 341 920 377 territa
950 339 1102 378 flamma
1134 353 1226 379 suos
1246 371 1255 380 .

311 395 393 434 Hoc
425 395 493 434 ubi
524 398 705 447 cognovit
736 403 981 448 contemptor
1013 398 1189 437 Amulius
1221 401 1357 451 aequi,
1388 422 1435 427 —

249 462 294 493 50
372 453 469 493 Nam
500 460 629 505 raptas
661 455 773 493 fratri
803 457 927 493 victor
957 455 1123 494 habebat
1154 468 1248 507 opes
1280 479 1323 484 —

311 513 431 551 Amne
464 512 573 551 iubet
603 515 727 563 mergi
758 514 932 563 geminos
953 545 961 552 .
1017 514 1145 553 scelus
1175 514 1279 553 unda
1310 515 1475 567 refugit,

371 570 414 609 In
447 572 549 610 sicca
579 573 693 621 pueri
725 570 993 610 destituuntur
1024 572 1165 611 humo.

310 628 427 667 Lacte
460 630 548 680 quis
578 630 746 667 infantes
778 631 903 668 nescit
933 631 1102 669 crevisse
1135 631 1282 682 ferino,

368 686 418 725 Et
448 689 578 738 picum
611 689 796 738 expositis
828 700 942 739 saepe
975 688 1110 727 tulisse
1143 687 1286 728 cibos?

246 752 289 784 55
310 744 395 784 Non
428 757 499 796 ego
531 751 569 783 te
588 776 599 797 7
630 751 757 784 tantae
791 748 922 785 nutrix
954 746 1134 786 Larentia
1166 749 1316 799 gentis,

368 803 448 842 Nec
479 809 627 842 taceam
659 810 835 855 vestras,
867 804 1050 843 Faustule
1081 818 1258 857 pauper,
1289 818 1405 858 opes.

310 860 448 900 Vester
479 861 601 900 honos
632 864 790 912 veniet,
822 874 910 901 cum
941 862 1157 902 Larentalia
1189 864 1334 903 dicam:

366 920 560 971 Acceptus
592 922 715 970 geniis
747 920 809 958 illa
841 920 1055 959 December
1086 921 1225 960 habet.

310 976 444 1016 Martia
477 985 536 1016 ter
568 990 683 1016 senos
714 978 844 1029 proles
876 978 1094 1018 adoleverat
1125 992 1269 1031 annos,

245 1043 289 1075 60
366 1035 416 1075 Et
446 1036 605 1074 suberat
636 1036 753 1075 flavae
784 1038 859 1075 iam
891 1049 988 1075 nova
1019 1037 1139 1076 barba
1170 1050 1326 1077 comae:

309 1093 498 1133 Omnibus
530 1094 708 1144 agricolis
739 1100 1084 1146 armentorumque
1114 1097 1310 1147 magistris

366 1152 505 1191 Iliadae
538 1153 677 1190 fratres
709 1153 794 1191 iura
825 1155 945 1203 petita
976 1153 1139 1192 dabant.

309 1209 431 1261 Saepe
464 1210 621 1249 domum
653 1212 814 1249 veniunt
844 1211 1084 1262 praedonum
1116 1213 1303 1263 sanguine
1335 1212 1449 1265 laeti,

366 1267 416 1307 Et
446 1268 630 1319 redigunt
661 1274 767 1308 actos
799 1270 837 1307 in
871 1281 940 1308 sua
971 1280 1063 1308 rura
1096 1269 1239 1309 boves.

245 1334 288 1366 65
310 1326 358 1365 Ut
388 1338 512 1377 genus
544 1326 781 1378 audierunt,
812 1329 960 1366 animos
991 1334 1101 1379 pater
1133 1328 1261 1367 editus
1293 1335 1431 1381 auget,

365 1383 414 1424 Et
445 1384 566 1436 pudet
596 1386 635 1423 in
666 1387 800 1436 paucis
832 1397 972 1424 nomen
1004 1385 1148 1425 habere
1179 1387 1302 1425 casis:

307 1442 574 1493 Romuleoque
607 1443 708 1482 cadit
738 1445 925 1483 traiectus
956 1443 1132 1483 Amulius
1163 1456 1280 1496 ense,

365 1501 576 1552 Regnaque
608 1501 792 1552 longaevo
825 1503 1088 1541 restituuntur
1119 1514 1210 1541 avo.

307 1558 457 1598 Moenia
489 1559 739 1599 conduntur.
802 1572 899 1611 quae
932 1562 1106 1611 quamvis
1137 1573 1254 1612 parva
1284 1561 1466 1613 fuerunt,

244 1625 287 1656 70
364 1617 450 1656 Non
482 1623 611 1656 tamen
644 1618 815 1669 expediit
845 1618 1110 1657 transsiluisse
1143 1619 1284 1658 Remo.

307 1674 383 1713 Iam
403 1706 414 1726 ‚
447 1675 560 1714 modo
587 1688 662 1727 qua
693 1677 849 1715 fuerant
879 1677 995 1716 silvae
1020 1689 1286 1728 pecorumque
1317 1689 1519 1729 recessus,

365 1732 465 1771 Urbs
498 1739 608 1784 erat3
641 1739 821 1772 aeternae
854 1746 942 1773 cum
973 1741 1083 1785 pater
1114 1735 1230 1774 Urbis
1261 1737 1336 1774 ait:

308 1787 478 1829 ‘Arbiter
509 1802 705 1830 armorum
724 1823 735 1842 ‚
767 1791 813 1830 de
846 1794 957 1831 cuius
989 1794 1176 1843 sanguine
1207 1799 1323 1832 natus

366 1847 514 1887 Credor
533 1880 543 1900 ,
575 1855 613 1887 et
646 1855 688 1888 ut
719 1849 856 1888 credar
875 1881 885 1901 ‚
916 1851 1078 1900 pignora
1110 1850 1229 1889 multa
1260 1850 1382 1902 dabo,

244 1915 286 1945 75
307 1907 337 1945 A
369 1912 407 1945 te
439 1908 672 1958 principium
705 1907 877 1946 Romano
909 1908 1074 1947 dicimus
1105 1920 1228 1948 anno:

365 1964 520 2003 Primus
552 1965 599 2004 de
629 1967 755 2017 patrio
787 1967 943 2004 nomine
974 1968 1119 2005 mensis
1151 1963 1270 2006 erit.’

307 2022 386 2061 Vox
418 2028 499 2061 rata
532 2023 603 2075 fit,
634 2025 838 2075 patrioque
870 2030 981 2063 vocat
1011 2024 1058 2063 de
1090 2027 1246 2064 nomine
1278 2037 1474 2064 mensem.

365 2080 515 2120 Dicitur
546 2081 641 2120 haec
674 2083 796 2133 pietas
827 2088 935 2133 grata
966 2083 1086 2121 fuisse
1117 2083 1213 2121 deo.

306 2138 354 2176 Et
384 2143 513 2178 tamen
546 2146 634 2179 ante
667 2152 801 2179 omnes
831 2140 994 2179 Martem
1026 2140 1180 2179 coluere
1212 2141 1388 2191 priores.

242 2204 286 2235 80
366 2195 448 2236 Hoc
479 2197 639 2237 dederat
671 2198 809 2238 studiis
842 2198 977 2237 bellica
1008 2198 1122 2237 turba
1154 2200 1258 2238 suis.

305 2253 456 2293 Pallada
488 2255 753 2309 Cecropidae,
785 2256 927 2295 Minoia
958 2256 1072 2296 Creta
1103 2256 1284 2309 Dianam,

364 2311 575 2353 Volcanum
606 2314 721 2354 tellus
753 2314 983 2366 Hypsipylea
1016 2314 1129 2367 colit;
