1570 2527
105 119 189 154 XIV

107 229 308 278 superiore
325 231 521 268 exoletum
541 230 623 268 vidi
637 251 690 256 -
707 231 881 280 singulos
900 230 1048 285 passim
1068 234 1138 269 aut
1156 231 1289 280 plures
1303 243 1444 270 versus

107 288 356 326 oblitteratos
387 289 567 336 haberet,
607 289 817 327 transcribi
847 289 888 326 in
918 289 996 326 alia
1033 289 1270 338 exemplaria
1299 289 1441 338 potuit,

105 346 169 383 vel
207 346 343 383 eodem
379 347 443 384 vel
480 346 668 394 ampliato
706 347 939 396 paginarum
970 347 1102 394 modo,
1140 350 1294 396 notato,
1331 349 1441 396 puto,

105 403 337 452 plerumque
379 416 582 452 versuum,
631 405 697 453 qui
743 405 823 453 legi
864 417 942 442 non
983 408 1211 455 potuerant,
1259 417 1440 454 numero;

106 473 203 510 quas
241 463 400 499 lacunas
438 474 516 499 non
547 462 683 499 eodem
713 465 889 511 tempore
929 475 1080 511 omnes,
1118 466 1210 513 ante
1242 463 1440 501 saeculum

105 522 239 557 tamen
263 532 322 557 ΧΠ
346 520 628 568 propemodum
654 521 789 558 sedulo
816 532 949 557 omnes
970 521 1145 568 expletas
1165 521 1350 558 credibile
1371 523 1441 559 est.

224 578 322 615 Sunt
364 578 459 615 haec
502 579 619 626 paulo
664 578 894 627 explicatius
939 578 1182 615 declaranda.
1252 590 1336 616 rem
1379 581 1440 616 ta-

106 647 196 672 men
226 636 363 683 ipsam,
396 635 443 673 de
474 648 551 684 qua
582 636 725 685 agitur,
758 636 854 674 satis
880 636 959 674 iam
984 648 1073 674 reor
1096 638 1311 684 patescere,
1342 649 1443 685 quae

105 693 146 730 in
189 694 359 731 carmine
403 695 560 732 tantulo
603 695 761 742 plenam
803 694 1103 743 explicationem
1144 706 1223 732 non
1267 694 1442 733 habebit.

104 752 340 799 paginarum
371 752 577 800 archetypi
608 752 920 790 dinumeratione
957 752 1102 800 triplex
1133 752 1232 789 illud
1263 752 1436 800 interpo-

104 810 263 847 lationis
304 822 429 858 genus
471 811 721 859 proponitur:
766 823 905 860 unum,
949 823 1025 859 quo
1070 810 1308 848 detrimenta
1352 823 1443 859 sup-

105 868 281 916 plentur,
313 869 499 916 alterum,
532 869 662 916 siquid
692 869 734 905 in
763 869 916 917 paginis
949 881 1070 917 supra
1101 868 1322 917 legitimum
1353 881 1440 906 ver-

106 938 220 963 suum
256 939 464 964 numerum
500 926 706 975 infertum,
745 927 855 964 velut
891 927 939 963 de
972 922 1066 977 (23)
1098 928 1139 964 et
1169 921 1264 978 (25)
1296 926 1440 964 indica-

105 984 261 1032 bamus3
310 984 489 1031 tertium,
533 985 660 1022 minus
703 997 774 1032 per
811 985 966 1033 singula
1009 984 1276 1033 conspicuum,
1327 985 1442 1033 quod,

105 1042 271 1092 integris
297 1043 501 1091 archetypi
525 1043 679 1092 paginis
698 1043 1033 1091 comprehensum,
1066 1043 1209 1080 aetatis
1230 1043 1442 1091 superioris

107 1112 191 1137 esse
225 1101 432 1149 oportebit.

223 1158 348 1195 Primi
390 1160 542 1208 generis
585 1159 626 1195 in
668 1159 852 1197 extremis
895 1159 1050 1208 paginis
1088 1159 1280 1208 quaedam
1316 1160 1442 1197 latere

105 1220 281 1266 possunt.
353 1217 394 1254 in
426 1217 524 1254 serie
556 1217 625 1254 illa
655 1218 841 1255 continua
872 1218 1105 1267 paginarum
1136 1218 1312 1266 priorum
1342 1226 1443 1255 XVII

107 1275 282 1312 offendor
318 1275 484 1312 disticho
525 1277 605 1313 197
652 1277 746 1314 198.
818 1276 916 1313 Inde
947 1276 1049 1323 quod
1079 1276 1264 1324 legimus,
1302 1275 1443 1312 referri

105 1345 184 1370 non
214 1336 347 1381 potest
377 1334 426 1370 ad
458 1336 565 1370 tanta
594 1334 699 1371 mala
731 1345 828 1381 quae
861 1333 1043 1371 dicuntur
1073 1346 1108 1372 v.
1144 1335 1224 1372 196
1258 1336 1298 1370 et
1329 1346 1441 1370 enar-

107 1394 246 1428 rantur
272 1391 361 1428 inde
387 1404 410 1428 a
435 1404 470 1428 v.
501 1393 601 1428 161:
627 1403 705 1427 non
731 1394 822 1429 sunt
848 1404 893 1429 ea
919 1395 1063 1440 cuncta,
1095 1404 1194 1441 quae
1219 1391 1443 1429 indicantur

105 1462 140 1487 v.
175 1450 277 1497 203,
320 1449 423 1486 unde
460 1450 613 1497 partem
650 1449 953 1497 deprompturus
992 1452 1052 1487 est
1090 1452 1219 1497 poeta.
1293 1450 1443 1487 accedit

106 1507 210 1555 quod
239 1519 373 1554 pauca
412 1519 451 1544 se
492 1509 743 1544 cantaturum
785 1507 896 1556 dicit,
938 1520 1000 1545 vv.
1035 1509 1116 1545 247
1162 1508 1244 1545 248
1288 1507 1443 1555 plenius

106 1565 336 1603 vaticinium
360 1565 512 1613 pridem
539 1565 613 1602 sibi
638 1565 917 1603 demandatum
943 1566 1002 1602 dis
1028 1565 1254 1603 iuvantibus
1281 1565 1442 1602 orditur.

106 1623 221 1660 credo
267 1623 460 1660 distichon
510 1623 604 1660 olim
647 1623 818 1660 adfuisse
862 1623 903 1660 in
945 1624 1044 1661 hanc
1086 1623 1169 1660 fere
1191 1623 1439 1672 sententiam,

107 1677 252 1719 ‘nescio
284 1681 385 1718 unde
417 1680 573 1718 initium
604 1681 755 1728 capiam
786 1681 929 1728 uberis,
962 1681 1064 1729 quod
1095 1681 1293 1730 proposui,
1326 1693 1441 1730 argu-

106 1735 256 1777 menti'.
318 1739 515 1788 levigatur
564 1739 621 1776 ita
669 1739 859 1776 transitus
909 1739 975 1776 ille
1024 1738 1075 1776 ad
1123 1738 1245 1777 Ibidis
1289 1740 1442 1777 natales

106 1811 142 1836 v.
175 1799 271 1836 207.
313 1817 362 1824 —
427 1797 621 1834 distichon
652 1797 755 1845 quod
787 1800 847 1834 est
882 1797 923 1834 in
960 1799 1136 1834 extrema
1172 1811 1207 1845 p.
1242 1793 1328 1848 (3),
1365 1809 1443 1835 non

106 1856 328 1905 putaverim
362 1855 491 1893 Ovidii
528 1867 623 1894 esse.
697 1855 892 1893 sententia
928 1855 1103 1904 vulgaris
1142 1858 1181 1893 et
1212 1855 1370 1893 debilis:
1410 1856 1443 1893 si

106 1914 206 1962 Ibis,
238 1914 341 1962 quod
372 1916 485 1962 puto,
516 1913 690 1951 tumidus
721 1916 839 1962 poeta
869 1913 962 1962 fuit,
999 1913 1200 1951 involucra
1231 1913 1301 1951 illa
1331 1912 1441 1950 fabu—

106 1974 234 2010 larum
270 1984 347 2009 non
385 1971 433 2009 ad
472 1972 732 2021 obtegendam
768 1972 942 2009 dirarum
979 1972 1249 2020 acrimoniam,
1287 1971 1355 2009 sed
1393 1971 1443 2008 ad

108 2030 370 2068 exacuendam
396 2031 645 2078 spectabant3
677 2029 718 2066 id
744 2031 848 2078 quod
871 2030 1049 2067 versibus
1084 2031 1135 2067 58
1170 2031 1222 2068 59
1259 2031 1313 2067 60
1345 2029 1442 2066 adeo

108 2089 311 2137 perspicue
350 2088 550 2137 proditum
588 2088 760 2136 videtur,
802 2090 847 2125 ut
878 2088 911 2124 si
942 2088 1187 2125 dissimulare
1218 2089 1335 2135 poeta
1365 2088 1444 2125 ista

107 2147 341 2196 figuratione
372 2147 581 2195 voluisset,
618 2146 766 2184 frustra
804 2146 953 2184 fuisset.
1027 2150 1159 2183 tamen
1196 2146 1356 2183 lacunae
1387 2145 1442 2183 lo-

109 2218 196 2243 cum
244 2217 323 2242 non
360 2205 538 2253 dispicio;
588 2204 818 2242 crediderim
861 2203 1154 2252 interpolatoris
1192 2203 1338 2241 veteris
1376 2216 1437 2252 ap-

107 2263 353 2311 pendiculam
395 2263 474 2299 iam
513 2263 554 2299 in
600 2263 812 2311 archetypo
856 2262 1066 2300 inventam.
1108 2282 1156 2287 —
1197 2273 1334 2299 versus
1375 2262 1442 2310 qui

110 2322 326 2359 edebantur
363 2322 415 2358 41
457 2322 531 2369 42,
571 2321 724 2370 primus
762 2320 967 2358 sustulisse
1005 2319 1160 2358 videor:
1203 2319 1440 2357 Schraderus
