1570 2527
610 134 674 166 HI.
703 134 898 166 755—825.
1339 130 1421 172 281

202 243 287 282 Itur
319 241 366 281 ad
399 241 547 292 Argeos
579 263 626 269 -
657 243 725 292 qui
751 242 857 293 sint,
890 253 959 280 sua
990 242 1129 292 pagina
1161 240 1266 279 dicet
1297 261 1340 267 —

259 300 369 351 Hac,
401 301 434 339 si
466 301 744 352 commemini,
776 301 1066 351 praeteritaque
1099 299 1184 338 die.

202 359 320 399 Stella
351 358 585 410 Lycaoniam
616 360 742 409 vergit
774 358 957 409 proclivis
990 358 1037 397 ad
1069 358 1215 397 Arcton

259 417 402 456 Miluus
423 449 431 456 .
487 417 584 456 haec
615 417 680 456 illa
712 423 826 456 nocte
858 416 1022 455 videnda
1054 418 1181 455 venit.

114 484 180 517 795
203 476 305 523 Quid
338 476 490 515 dederit
521 476 700 528 volucri,
733 477 766 514 si
797 477 854 514 vis
887 488 1124 526 cognoscere
1143 506 1154 527 ‚
1187 474 1359 514 caelum:

263 535 457 574 Saturnus
489 536 621 586 regnis
654 547 674 572 a
706 534 794 573 Iove
826 534 964 586 pulsus
997 540 1100 585 erat3

205 594 383 633 Concitat
414 596 538 632 iratus
572 593 717 632 validos
749 593 906 632 Titanas
938 595 978 632 in
1011 605 1141 642 arma,

261 652 447 703 Quaeque
481 653 555 691 suit
587 652 674 691 fatis
707 651 836 690 debita
856 683 866 703 ‚
899 657 1062 702 temptat
1094 663 1230 702 opem.

201 711 323 749 Matre
356 717 463 749 satus
495 710 617 749 Terra
636 742 647 763 ‚
679 716 899 749 monstrum
931 710 1107 749 mirabile
1126 740 1137 762 ‚
1171 715 1306 748 taurus

113 777 182 809 800
260 769 375 808 Parte
408 771 468 808 sui
501 781 664 820 serpens
697 770 915 820 posteriore
948 770 1044 808 suit.

201 827 314 866 Hunc
347 828 492 879 triplici
524 840 636 867 muro
669 827 768 866 lucis
800 828 1013 866 incluserat
1048 828 1143 866 atris

261 886 471 925 Parcarum
505 887 655 924 monitu
690 886 783 937 Styx
815 886 983 924 violenta
1016 887 1159 924 trium.

200 943 358 984 Viscera
391 946 458 996 qui
490 946 592 984 tauri
624 944 790 983 flammis
822 944 1010 982 adolenda
1043 944 1239 995 dedisset,

261 1003 355 1042 Sors
387 1009 500 1055 erat,
532 1008 713 1042 aeternos
745 1004 902 1041 vincere
929 1015 1044 1054 posse
1078 1002 1193 1041 deos.

116 1061 381 1103 8051mmolat
411 1062 516 1101 hunc
549 1061 733 1100 Briareus
766 1062 865 1101 facta
898 1074 945 1100 ex
978 1061 1179 1100 adamante
1213 1062 1366 1113 securi,

260 1120 310 1159 Et
341 1121 495 1159 iamiam
527 1120 692 1159 flammis
725 1126 811 1159 exta
844 1120 1007 1159 daturus
1041 1125 1146 1158 erat:

202 1179 377 1230 Iuppiter
409 1179 565 1217 alitibus
598 1191 735 1229 rapere
768 1181 963 1230 imperat.
1019 1178 1149 1217 attulit
1180 1177 1235 1217 illi

261 1237 432 1290 Miluus,
465 1243 505 1276 et
537 1239 687 1276 meritis
720 1239 825 1276 venit
857 1238 896 1275 in
929 1243 1033 1276 astra
1066 1239 1170 1276 suis.

86 1330 150 1372 18.
176 1327 256 1370 EC
316 1329 382 1370 19.
413 1328 446 1370 F
473 1327 711 1378 QVIN-N
767 1329 834 1370 20.
869 1326 947 1370 GC
1003 1328 1071 1369 21.
1105 1326 1187 1369 HC
1238 1328 1305 1370 22.
1338 1327 1425 1371 AN

202 1412 284 1452 Una
317 1413 400 1452 dies
433 1413 559 1452 media
591 1418 680 1465 est,
713 1419 752 1452 et
783 1413 882 1452 fiunt
914 1425 1023 1451 sacra
1055 1412 1274 1464 Minervae,

113 1480 181 1512 810
261 1471 426 1510 Nomina
459 1484 558 1523 quae
590 1473 735 1511 iunctis
769 1473 942 1523 quinque
975 1470 1114 1510 diebus
1146 1470 1312 1511 habent.

203 1530 400 1581 Sanguine
432 1532 557 1581 prima
590 1536 726 1582 vacat,
759 1542 832 1569 nec
865 1531 921 1568 fas
954 1542 1192 1569 concurrere
1225 1530 1352 1569 ferro:

262 1589 384 1628 Causa
404 1620 415 1640 ‚
449 1589 552 1640 quod
586 1594 646 1627 est
676 1588 740 1628 illa
773 1594 861 1627 nata
893 1588 1065 1627 Minerva
1097 1589 1182 1627 die.

201 1647 332 1687 Altera
364 1654 524 1698 tresque
557 1659 676 1699 super
708 1659 794 1686 rasa
827 1647 1077 1686 celebrantur
1109 1647 1276 1686 harena:

260 1706 431 1746 Ensibus
463 1708 630 1745 exsertis
662 1705 799 1745 bellica
831 1705 930 1745 laeta
961 1706 1032 1745 dea
1063 1711 1145 1745 est.

113 1773 181 1805 815
201 1764 354 1805 Pallada
386 1777 490 1804 nunc
522 1766 637 1816 pueri
668 1770 905 1816 teneraeque
938 1770 1045 1804 orate
1077 1763 1251 1817 puellae3

260 1823 337 1870 Qui
367 1823 467 1862 bene
499 1823 662 1874 placarit
692 1823 844 1862 Pallada
863 1854 874 1875 ‚
907 1823 1047 1862 doctus
1079 1824 1176 1862 erit.

199 1882 354 1921 Pallade
386 1882 536 1934 placata
567 1882 694 1921 lanam
726 1882 877 1920 mollire
909 1881 1061 1933 puellae

259 1941 418 1980 Discant
449 1946 489 1980 et
519 1940 654 1991 plenas
686 1953 899 1980 exonerare
933 1941 1063 1979 colos.

202 1998 268 2037 Illa
301 2001 418 2037 etiam
451 2000 591 2049 stantis
623 1999 731 2038 radio
764 2011 999 2049 percurrere
1033 1998 1128 2037 telas

112 2065 179 2097 820
260 2056 429 2109 Erudit,
462 2062 501 2096 et
532 2069 664 2095 rarum
697 2059 852 2108 pectine
885 2057 1024 2096 denset
1056 2069 1178 2108 opUS.

201 2115 308 2155 Hanc
340 2116 452 2168 cole,
486 2117 555 2167 qui
586 2115 702 2154 laesis
736 2115 908 2154 maculas
941 2116 988 2154 de
1021 2115 1195 2155 vestibus
1227 2116 1381 2156 aufers:

260 2174 368 2214 Hanc
400 2174 483 2213 cole
503 2206 514 2226 ,
546 2174 756 2213 velleribus
789 2176 968 2225 quisquis
1001 2178 1096 2214 aena
1127 2186 1263 2225 paras.

200 2233 281 2273 Nec
313 2235 520 2285 quisquam
552 2234 671 2272 invita
705 2234 822 2272 faciet
852 2232 952 2271 bene
985 2233 1138 2272 vincula
1169 2233 1322 2285 plantae

259 2291 412 2331 Pallade
432 2324 443 2345 ,
475 2294 527 2331 sit
557 2291 704 2343 Tychio
737 2291 890 2330 doctior
921 2291 985 2330 ille
1017 2291 1132 2331 licet:

112 2359 179 2391 825
200 2349 250 2390 Et
280 2351 372 2390 licet
403 2352 562 2402 antiquo
596 2349 776 2389 manibus
808 2350 987 2389 conlatus
1019 2350 1124 2402 Epeo
