1570 2527
596 125 636 158 V.
664 127 767 158 517-
782 125 858 157 587.
1315 119 1398 161 327

180 235 292 275 Ultor
324 235 369 274 ad
402 236 486 285 ipse
519 246 610 273 suos
643 233 749 272 caelo
782 231 986 272 descendit
1016 231 1185 269 honores

241 293 479 344 Templaque
511 295 551 331 in
583 294 757 343 Augusto
791 289 1066 341 conspicienda
1098 290 1206 328 soro.

181 353 230 391 Et
262 352 358 391 deus
392 358 451 390 est
482 354 621 402 ingens
648 357 683 390 et
717 362 837 401 opus.
895 348 1061 388 debebat
1093 350 1132 386 in
1165 347 1261 387 urbe

151 457 158 462 ·
240 410 326 449 Non
359 411 470 449 aliter
503 412 584 449 nati
614 409 716 448 Mars
748 409 923 447 habitare
956 409 1039 446 sui.

96 478 162 509 555
184 470 307 520 Digna
338 469 537 520 Giganteis
569 469 663 507 haec
696 474 788 507 sunt
820 467 980 506 delubra
1013 467 1207 516 tropaeis:

242 528 341 567 Hinc
374 529 455 567 sera
488 528 697 567 Gradivum
729 526 827 565 bella
859 537 1015 564 movere
1048 525 1183 563 decet:

187 587 264 626 Seu
298 589 385 638 quis
417 587 463 626 ah
497 599 568 625 eoo
600 599 671 624 nos
703 587 846 636 impius
878 584 971 622 orbe
1004 584 1191 634 lacesset,

243 645 320 684 Seu
355 648 441 696 quis
474 645 520 684 ab
554 645 716 684 occiduo
749 644 829 682 sole
862 642 1078 681 domandus
1110 643 1206 680 erit.

184 704 378 756 Prospicit
409 706 649 755 armipotens
682 705 810 754 operis
842 702 994 752 fastigia
1027 702 1192 750 summi,

98 772 164 802 560
245 763 294 802 Et
326 763 465 814 probat
496 765 662 801 invictos
695 774 843 800 summa
875 768 1010 799 tenere
1043 759 1159 798 deos.

186 823 379 873 l‘erspicit
410 824 450 860 in
483 821 633 860 foribus
665 821 840 859 diversae
873 820 948 858 tela
980 819 1151 870 figurae,

243 882 437 931 Armaque
471 887 666 919 terrarum
699 879 820 917 milite
852 880 951 917 victa
984 889 1079 916 suo.

187 940 284 977 Hinc
316 939 421 977 videt
452 940 610 976 Aenean
642 943 846 975 oneratum
879 936 1053 987 pondere
1086 947 1176 973 caro

244 997 293 1036 Et
325 1003 383 1036 tot
414 997 541 1036 Iuleae
575 996 788 1034 nobilitatis
821 1007 934 1033 avos:

99 1064 165 1094 565
187 1056 286 1094 Hinc
318 1056 423 1094 videt
452 1055 598 1094 Iliaden
633 1056 778 1094 umeris
811 1054 921 1092 ducis
954 1064 1059 1091 arma
1093 1052 1306 1101 ferentem,

246 1114 435 1166 Claraque
467 1115 665 1165 dispositis
698 1119 780 1152 acta
815 1112 977 1151 subesse
1009 1112 1126 1149 viris.

189 1173 347 1224 Spectat
380 1180 418 1212 et
449 1174 624 1223 Augusto
656 1178 901 1222 praetextum
935 1171 1091 1209 nomine
1124 1168 1336 1220 templum,

246 1231 296 1270 Et
327 1234 452 1270 visum
484 1231 586 1270 lecto
619 1230 782 1269 Caesare
816 1231 940 1268 maius
971 1240 1093 1280 opus,

188 1289 354 1329 Voverat
385 1291 458 1329 hoc
491 1291 642 1329 iuvenis
674 1296 768 1328 tunc
787 1320 797 1337 ‚
830 1301 920 1327 cum
952 1289 1013 1338 pia
1047 1286 1206 1325 sustulit
1238 1299 1368 1325 arma.

101 1357 168 1388 570
247 1350 277 1387 A
311 1350 429 1388 tantis
459 1349 650 1399 Princeps
682 1347 928 1398 incipiendus
962 1352 1066 1384 erat.

188 1408 254 1446 llle
288 1420 426 1447 manus
459 1407 653 1458 tendens,
686 1406 776 1444 hinc
809 1407 926 1444 stanti
959 1405 1079 1443 milite
1111 1404 1238 1455 iusto,

247 1465 346 1505 Hinc
379 1468 622 1517 coniuratis,
655 1465 744 1503 talia
776 1465 877 1503 dicta
910 1463 1039 1502 dedit:

189 1522 252 1564 ‘Si
283 1525 379 1564 mihi
411 1525 580 1563 bellandi
611 1529 720 1575 pater
754 1530 813 1562 est
844 1522 1061 1573 Vestaeque
1095 1521 1277 1561 sacerdos

247 1584 424 1636 Auctor,
457 1590 496 1622 et
527 1583 665 1622 ulcisci
696 1594 842 1621 numen
874 1588 1087 1631 utrumque
1120 1592 1238 1632 paro:

103 1651 168 1682 575
190 1643 321 1694 Mars,
353 1642 474 1689 ades,
507 1648 545 1680 et
578 1644 671 1680 satia
705 1641 895 1679 scelerato
929 1642 1117 1690 sanguine
1151 1640 1322 1689 ferrum,

250 1702 412 1752 Stetque
446 1702 554 1739 favor
586 1712 702 1739 causa
734 1712 804 1750 pro
839 1699 998 1737 meliore
1032 1704 1145 1737 tuus.

190 1760 349 1811 Templa
382 1760 485 1798 seres
518 1766 585 1810 et,
617 1771 679 1797 me
712 1760 857 1797 victore
877 1789 888 1809 ,
922 1757 1122 1795 vocaberis
1148 1751 1304 1795 Ultor.'

249 1818 444 1870 voverat,
478 1824 516 1857 et
548 1818 634 1857 fuso
667 1816 871 1856 laetusab
903 1816 1016 1854 hoste
1049 1816 1171 1854 redit.

191 1877 270 1917 Nec
303 1879 396 1916 satis
428 1883 488 1916 est
520 1878 710 1916 meruisse
745 1875 864 1914 semel
897 1876 1128 1925 cognomina
1160 1874 1299 1912 Marti:

104 1944 169 1974 580
249 1936 506 1986 Persequitur
538 1936 672 1974 Parthi
703 1936 813 1985 signa
845 1940 997 1972 retenta
1030 1945 1170 1971 manu.

191 1994 294 2032 Gens
326 1995 401 2032 fuit
433 2001 471 2032 et
502 1996 649 2044 campis
682 2000 721 2031 et
752 1995 864 2043 equis
897 1998 936 2030 et
968 1998 1051 2030 tuta
1083 1992 1234 2042 sagittis

249 2052 299 2091 Et
330 2053 579 2091 circumfusis
610 2053 712 2090 invia
744 2050 992 2089 fluminibus.

190 2111 429 2150 Addiderant
460 2112 609 2149 animos
642 2110 871 2149 Crassorum
905 2110 1042 2147 funera
1075 2110 1206 2160 genti,

249 2170 347 2209 Cum
378 2172 497 2221 periit
528 2169 637 2208 miles
671 2171 857 2219 signaque
890 2167 1047 2218 duxque
1080 2166 1218 2206 simul.

104 2237 169 2268 585
192 2228 337 2281 Signa,
370 2230 490 2268 decus
522 2228 643 2279 belli,
674 2227 844 2266 Parthus
876 2226 1048 2265 Romana
1082 2225 1261 2277 tenebat,

249 2288 522 2339 Romanaeque
556 2287 706 2338 aquilae
744 2286 906 2336 signifer
939 2285 1063 2324 hostis
1095 2283 1201 2324 erat!

192 2346 306 2398 Isque
339 2347 466 2397 pudor
499 2348 707 2385 mansisset
739 2345 865 2383 adhuc
885 2376 895 2396 ‚
928 2346 1003 2382 nisi
1035 2343 1203 2383 fortibus
1235 2345 1353 2382 armis
