1570 2527
178 138 263 179 336
720 137 972 170 FASTORUM

296 247 471 298 Nympha
504 245 612 284 iubet
644 247 780 296 quaeri
811 245 858 284 de
893 258 999 284 more
1034 247 1222 285 remotius
1254 253 1435 299 antrum,

358 305 485 356 thue
518 316 650 342 comes
681 305 888 355 sequitur,
921 304 1175 355 destituitque
1208 305 1370 345 ducem.

298 362 450 402 Stulta!
496 362 600 400 videt
631 361 746 400 Ianus
765 393 776 414 ,
809 375 907 413 quae
940 368 1028 413 post
1059 375 1127 401 sua
1159 370 1267 414 terga
1300 356 1512 415 gerantur:

356 422 416 459 Nil
448 422 557 472 agis,
590 426 628 459 et
659 420 826 459 latebras
859 422 1020 471 respicit
1052 421 1114 459 ille
1149 428 1258 461 tuas.

212 490 276 520 125
298 481 359 518 Nil
391 482 500 531 agis,
535 478 610 517 en!
644 479 752 518 dixi:
796 491 884 517 nam
917 485 953 517 te
987 479 1059 517 sub
1093 492 1190 530 rupe
1222 480 1405 519 latentem

357 538 532 588 Occupat
564 538 771 589 amplexu,
805 550 952 588 speque
985 539 1133 588 potitus
1166 540 1244 578 ait:

299 595 385 635 ‘Ius
417 609 488 647 pro
522 596 734 634 concubitu
766 602 900 634 nostro
934 596 1002 634 tibi
1035 596 1204 635 cardinis
1236 602 1343 636 esto.

357 655 438 693 Hoc
471 656 641 706 pretium
675 656 821 705 positae
857 656 1087 705 virginitatis
1120 653 1264 695 habe?

301 714 363 753 Sic
396 714 498 752 fatus
530 714 709 764 spinam,
744 725 819 763 qua
853 715 984 751 tristes
1017 713 1162 764 pellere
1194 719 1328 765 posset

214 782 277 812 130
357 773 387 811 A
421 771 570 810 foribus
603 783 722 809 noxas
755 793 798 799 —-
831 771 926 810 haec
960 777 1042 810 erat
1075 772 1159 810 alba
1191 794 1234 799 —-
1268 772 1395 811 dedit.

301 831 402 870 Sunt
433 831 563 868 avidae
596 830 804 881 volucres,
838 843 915 868 non
949 843 1045 880 quae
1079 830 1239 869 Phineia
1272 833 1415 881 mensis

359 889 524 927 Guttura
558 888 817 940 fraudabant,
849 889 917 927 sed
949 901 1073 939 genus
1105 889 1194 927 inde
1226 890 1410 928 trahunt:

300 948 453 986 Grande
487 954 630 997 caput,
664 953 811 985 stantes
844 947 975 997 oculi,
1010 952 1136 985 rostra
1169 953 1256 997 apta
1289 949 1459 999 rapiniS,

360 1006 528 1044 Canities
561 1007 718 1056 pinnis,
752 1005 947 1055 unguibus
980 1005 1116 1043 hamus
1149 1008 1273 1044 inest.

217 1073 279 1104 135
301 1065 422 1103 Nocte
456 1064 612 1114 volant,
648 1075 869 1113 puerosque
903 1069 1043 1113 petunt
1075 1065 1240 1101 nutricis
1273 1068 1456 1114 egentes,

359 1123 408 1160 Et
441 1124 574 1160 vitiant
608 1123 718 1159 cunis
752 1133 915 1171 corpora
949 1128 1057 1171 rapta
1090 1123 1195 1160 suis.

302 1181 470 1231 Carpere
503 1180 687 1217 dicuntur
719 1179 900 1217 lactentia
933 1181 1080 1218 viscera
1113 1181 1278 1231 rostris,

360 1239 408 1277 Et
440 1238 599 1289 plenum
631 1244 722 1288 poto
755 1240 941 1288 sanguine
975 1245 1111 1288 guttur
1142 1238 1309 1277 habent.

301 1298 371 1336 Est
402 1297 476 1335 illis
510 1296 696 1346 strigibus
728 1308 899 1347 nomen3
933 1296 999 1334 sed
1033 1298 1201 1334 nominis
1234 1297 1350 1335 huius

217 1366 280 1396 140
361 1356 513 1406 Causa,
546 1354 649 1406 qnod
682 1354 921 1392 horrendum
954 1355 1120 1392 stridere
1154 1362 1267 1393 nocte
1301 1355 1449 1394 solent.

303 1415 389 1453 Sive
423 1415 542 1464 igitur
576 1418 789 1451 nascuntur
822 1425 939 1463 aves,
973 1425 1041 1451 seu
1075 1415 1245 1451 carmine
1278 1414 1397 1464 fiunt,

360 1472 583 1522 Naeuiaque
616 1473 655 1509 in
688 1471 866 1509 volucres
899 1471 1022 1509 Marsa
1055 1472 1196 1521 figurat
1228 1484 1348 1510 anus:

303 1531 344 1569 ln
378 1531 565 1569 thalamos
598 1541 740 1568 venere
773 1529 946 1568 Procae.
1004 1529 1125 1568 Proca
1158 1537 1272 1568 natus
1309 1532 1347 1568 in
1382 1529 1458 1568 illis

362 1589 507 1627 Praeda
541 1600 680 1626 recens
713 1589 838 1626 avium
872 1590 1045 1638 quinque
1078 1588 1216 1626 diebus
1249 1595 1356 1627 erat:

218 1657 281 1686 145
303 1648 544 1697 Pectoraque
578 1646 788 1685 exsorbent
820 1647 939 1684 avidis
972 1648 1132 1684 infantia
1164 1647 1330 1697 linguis:

362 1707 409 1744 At
442 1718 539 1756 puer
571 1705 704 1743 infelix
739 1706 839 1755 vagit
870 1717 1062 1756 opemque
1096 1707 1218 1756 petit.

305 1764 456 1802 Territa
490 1775 582 1801 voce
616 1765 676 1801 sui
709 1765 841 1801 nutrix
874 1765 1045 1801 accurrit
1077 1763 1247 1815 alumni,

362 1821 411 1860 Et
444 1821 568 1871 rigido
601 1826 727 1859 sectas
760 1822 908 1858 invenit
941 1833 1068 1871 ungue
1101 1834 1241 1871 genas.

306 1880 405 1926 Quid
440 1877 626 1918 faceret?
670 1879 776 1917 color
808 1880 886 1916 oris
927 1884 1039 1930 erat,
1078 1881 1145 1929 qui
1185 1878 1389 1917 frondibus
1428 1879 1519 1917 olim

219 1948 284 1978 150
366 1938 462 1976 Esse
496 1938 595 1976 solet
627 1939 726 1975 seris
748 1968 759 1988 ,
792 1949 887 1987 quas
920 1949 1017 1975 nova
1051 1937 1161 1976 laesit
1194 1937 1342 1976 hiems.

305 1997 487 2035 Pervenit
519 1997 565 2035 ad
598 1996 772 2035 Cranaen
792 2027 802 2046 ,
836 2001 874 2034 et
907 2008 989 2034 rem
1022 1995 1165 2034 docet.
1221 1996 1284 2034 illa
1318 1993 1520 2034 ‘timorem

364 2054 497 2093 Pone!
543 2061 634 2093 tuus
667 2051 824 2105 sospes'
858 2054 955 2093 dixit
987 2051 1188 2092 ‘alumnus
1221 2051 1344 2092 erit.'

307 2114 473 2151 Venerat
505 2113 549 2151 ad
584 2125 735 2152 cunas:
780 2112 924 2151 flebant
956 2119 1158 2163 materque
1192 2118 1404 2163 paterque:

367 2169 523 2210 ‘Sistite
558 2184 624 2210 vos
657 2171 863 2222 lacrimas,
896 2173 977 2221 ipsa
1011 2170 1196 2209 medebor
1216 2168 1246 2209 !'
1280 2172 1357 2209 ait.

221 2238 285 2268 155
308 2230 492 2268 Protinus
526 2230 685 2268 arbutea
719 2236 850 2280 postes
883 2235 943 2267 ter
975 2231 1015 2267 in
1047 2229 1183 2267 ordine
1217 2230 1338 2280 tangit

365 2288 548 2339 Fronde,
584 2295 642 2327 ter
674 2288 834 2326 arbutea
868 2287 998 2325 limina
1032 2288 1168 2326 fronde
1202 2294 1332 2337 notat,

309 2346 464 2396 Spargit
484 2349 594 2397 aquis
610 2347 736 2385 aditus
755 2369 793 2373 —
812 2352 850 2384 et
873 2358 994 2397 aquae
1010 2346 1250 2384 medicamen
1270 2345 1463 2384 habebant
1481 2366 1519 2370 -—

202 634 225 649 ἢ,
