1570 2527
114 142 200 184 232
656 143 909 176 FAsroRUM

292 251 389 290 Cum
421 251 552 302 tepido
585 257 757 290 vestrum
788 264 879 290 vere
911 251 1052 291 redibit
1083 264 1203 303 opus.

145 317 212 349 665
239 309 425 348 Rusticus
457 311 662 348 emeritum
693 310 779 361 palo
812 309 1024 361 suspendat
1054 316 1249 349 aratrum:

292 367 413 405 Omne
445 367 673 406 reformidat
704 368 842 418 frigida
873 368 1008 406 volnus
1039 368 1203 407 humus.

232 424 351 464 Vilice
370 455 381 476 ,
413 425 459 463 da
491 427 668 476 requiem
699 432 856 476 terrae,
889 431 1062 464 semente
1092 432 1272 478 peracta3

291 482 345 521 Da
377 485 552 534 requiem
584 490 728 522 terram
762 486 829 534 qui
860 483 1045 535 coluere,
1077 485 1192 522 viris.

230 541 357 591 Pagus
390 547 477 592 agat
507 542 673 580 festum:
717 553 857 592 pagum
889 542 1081 593 lustrate,
1112 541 1259 594 coloni,

144 608 211 639 670
291 599 340 638 Et
371 599 458 639 date
490 602 648 651 paganis
679 611 806 638 annua
836 599 911 639 liba
944 600 1063 638 focis.

231 657 440 697 Placentur
471 658 628 709 frugum
658 664 832 710 matres,
864 657 1073 709 Tellusque
1106 657 1326 711 Ceresque,

291 715 410 755 Farre
442 728 513 755 suo
545 716 722 767 gravidae
754 716 1048 767 visceribusque
1080 718 1183 755 suis.

235 773 416 813 Officium
449 786 654 813 commune
688 774 806 813 Ceres
838 781 876 813 et
906 773 1029 813 Terra
1061 779 1244 813 tuentur:

288 831 392 871 Haec
422 833 584 884 praebet
616 845 771 872 causam
804 833 1010 884 frugibus,
1041 832 1104 871 illa
1135 832 1285 871 locum.

142 898 209 929 675
231 890 441 929 Consortes
474 892 632 943 operis,
664 903 735 942 per
766 903 862 942 quas
894 896 1069 929 correcta
1100 895 1296 942 vetustas,

291 948 525 1000 Quernaque
558 949 665 1000 glans
698 950 798 988 victa
830 956 889 988 est
921 948 1074 987 utiliore
1107 948 1217 1001 cibo,

231 1006 425 1058 Frugibus
456 1009 656 1046 immensis
688 1007 818 1046 avidos
850 1008 985 1046 satiate
1017 1007 1198 1055 colonos,

288 1064 339 1104 Ut
370 1067 522 1117 capiant
554 1065 682 1104 cultus
713 1067 884 1116 praemia
916 1065 1030 1116 digna
1061 1066 1145 1104 sui.

232 1122 307 1162 Vos
340 1123 426 1163 date
459 1130 670 1174 perpetuos
702 1125 848 1162 teneris
881 1122 1122 1162 sementibus
1153 1127 1315 1174 auctus,

143 1189 210 1220 680
289 1181 368 1220 Nec
401 1194 497 1220 nova
527 1194 598 1233 per
630 1181 774 1232 gelidas
807 1181 926 1220 herba
959 1182 1009 1220 sit
1040 1186 1128 1220 usta
1158 1182 1289 1220 nives.

231 1239 328 1278 Cum
360 1242 555 1291 serimus,
589 1240 737 1278 caelum
769 1241 894 1278 ventis
927 1241 1075 1290 aperite
1106 1241 1278 1291 serenis3

290 1297 386 1336 Cum
417 1297 538 1350 latet,
571 1297 743 1336 aetheria
774 1299 944 1349 spargite
976 1309 1109 1336 semen
1140 1309 1260 1348 aqua.

229 1355 333 1394 Neve
365 1368 501 1406 graves
534 1356 648 1395 cultis
681 1355 843 1395 Cerialia
875 1355 1003 1407 dona,
1036 1360 1167 1394 cavete
1186 1387 1196 1407 ‚

289 1414 449 1465 Agmine
480 1414 634 1453 laesuro
667 1413 955 1465 depopulentur
987 1425 1098 1452 aves.

142 1479 211 1512 685
231 1471 306 1511 Vos
339 1484 493 1523 quoque
513 1504 524 1524 ‚
556 1473 770 1523 formicae,
803 1471 991 1511 subiectis
1023 1472 1170 1523 parcite
1201 1471 1356 1523 granis:

288 1530 383 1569 Post
414 1542 580 1569 messem
611 1530 776 1582 praedae
809 1532 918 1581 copia
947 1531 1070 1569 maior
1101 1531 1198 1569 erit.

229 1588 382 1628 Interea
414 1594 565 1627 crescat
596 1588 754 1627 scabrae
785 1588 975 1639 robiginis
1006 1599 1170 1640 expers,

290 1647 371 1685 Nec
403 1649 495 1686 vitio
528 1647 623 1685 caeli
654 1646 794 1698 palleat
825 1658 939 1697 aegra
971 1658 1104 1696 seges.

230 1704 280 1744 Et
310 1717 437 1755 neque
470 1705 624 1744 deficiat
654 1706 776 1744 macie
794 1736 805 1757 ,
837 1716 964 1755 neque
995 1705 1178 1755 pinguior
1208 1715 1332 1754 aequo

142 1771 211 1802 690
289 1762 440 1801 Divitiis
471 1768 606 1814 pereat
636 1762 836 1801 luxuriosa
868 1764 971 1801 suis.

230 1819 280 1859 Et
312 1826 469 1859 careant
499 1820 601 1859 loliis
634 1820 765 1859 oculos
797 1819 1023 1859 vitiantibus
1055 1820 1163 1870 agri,

289 1878 368 1917 Nec
401 1878 544 1917 sterilis
576 1878 679 1917 culto
712 1884 847 1929 surgat
878 1889 996 1916 avena
1028 1877 1134 1917 solo.

231 1936 424 1976 Triticeos
456 1937 558 1976 fetus
589 1948 828 1988 passuraque
862 1936 963 1974 farra
994 1935 1054 1974 bis
1086 1936 1215 1986 ignem

289 1994 521 2046 Hordeaque
553 1996 702 2046 ingenti
733 1995 868 2033 fenore
900 1993 1037 2032 reddat
1068 1992 1180 2044 ager!

143 2061 211 2093 695
231 2052 335 2092 Haec
368 2065 438 2104 ego
470 2065 541 2104 pro
573 2052 682 2092 vobis
701 2085 711 2104 ,
743 2053 838 2091 haec
869 2064 938 2090 vos
969 2056 1098 2103 optate
1131 2050 1278 2102 coloni,

289 2111 520 2163 Efficiatque
553 2118 656 2151 ratas
688 2116 852 2162 utraque
886 2110 970 2149 diva
1003 2121 1162 2160 preces.

229 2169 336 2208 Bella
367 2169 433 2208 diu
465 2177 628 2209 tenuere
660 2171 785 2208 viros:
828 2174 912 2207 erat
942 2169 1069 2218 aptior
1100 2168 1204 2205 ensis

289 2227 453 2267 Vomere
471 2259 482 2278 ,
515 2227 678 2267 cedebat
709 2234 845 2266 taurus
877 2232 1005 2264 arator
1037 2237 1163 2276 equo:

232 2285 391 2324 Sarcula
424 2286 656 2337 cessabant,
687 2287 869 2335 versique
900 2286 940 2322 in
971 2283 1047 2335 pila
1078 2283 1250 2334 ligones,

142 2351 210 2383 700
288 2343 483 2395 Factaque
515 2344 562 2383 de
595 2345 711 2383 rastri
742 2342 916 2395 pondere
949 2343 1069 2380 cassis
1101 2348 1206 2379 erat.
