1570 2527
609 123 655 155 11.
682 123 852 156 844—111
872 125 927 156 45.
1350 121 1434 162 259

215 231 325 270 Tunc
352 243 510 282 quoque
535 232 698 269 inermis
725 242 837 282 eras,
865 243 954 270 cum
984 236 1022 269 te
1048 230 1219 269 Romana
1252 231 1435 271 sacerdos

151 299 194 329 10
273 289 413 341 Cepit,
446 294 490 328 ut
521 288 612 328 huic
644 288 740 327 Urbi
772 291 919 328 semina
952 289 1067 340 digna
1098 289 1234 328 dares.

215 347 331 386 Silvia
363 347 527 387 Vestalis
561 370 604 374 —
638 347 731 398 quid
765 349 867 386 enini
901 353 1004 387 vetat
1035 347 1125 387 inde
1158 346 1341 387 moveri?
1367 368 1411 375 —-

274 406 391 445 Sacra
423 406 616 445 lavaturas
649 418 760 444 mane
792 406 950 457 petebat
981 418 1122 457 aquas.

213 464 380 504 Ventum
415 471 497 504 erat
529 464 575 503 ad
608 464 713 503 molli
745 464 934 504 declivem
966 467 1120 504 tramite
1152 467 1299 517 ripam:

271 523 436 562 Ponitur
469 536 489 562 e
522 535 672 562 summa
705 523 834 562 fictilis
866 536 962 562 urna
997 535 1128 562 coma:

151 590 193 621 15
214 581 332 621 Fessa
363 582 510 621 resedit
541 582 689 634 humo,
722 588 936 633 ventosque
971 584 1121 633 accepit
1151 588 1286 633 aperto

272 640 436 679 Pectore
456 672 467 693 ,
499 640 675 679 turbatas
708 642 959 692 restituitque
993 653 1144 679 comas.

213 699 313 738 Dum
346 699 485 752 sedet,
518 699 725 738 umbrosae
758 699 896 738 salices
928 699 1186 750 volucresque
1219 711 1383 738 canorae

272 757 470 796 Fecerunt
501 769 658 796 somnos
691 764 729 796 et
760 757 842 796 leve
875 770 1055 797 murmur
1088 770 1233 808 aquae.

213 815 357 854 Blanda
390 817 502 866 quies
534 816 670 855 furtim
701 818 814 854 victis
847 816 1022 867 obrepsit
1054 817 1210 866 ocellis,

148 883 192 913 20
272 873 321 913 Et
353 873 456 912 cadit
487 886 507 911 a
539 880 672 913 mento
703 874 884 924 languida
916 875 1015 913 sacta
1047 886 1206 913 manus.

211 932 314 971 Mars
346 932 450 971 videt
481 932 580 971 hanc
596 964 606 985 ,
639 934 838 983 visamque
866 935 999 986 cupit,
1026 935 1254 984 potiturque
1283 935 1434 986 cupita,

269 990 320 1029 Et
351 1003 421 1030 sua
452 990 581 1030 divina
613 991 716 1030 furta
749 991 886 1030 fefellit
918 1004 1013 1043 ope.

213 1049 383 1089 Somnus
415 1049 522 1101 abit,
554 1051 656 1089 iacet
685 1049 749 1089 illa
781 1052 938 1101 gravis.
994 1051 1070 1089 iam
1103 1049 1252 1089 scilicet
1283 1052 1385 1090 intra

271 1107 428 1147 Viscera
460 1108 655 1147 Romanae
688 1109 867 1148 conditor
899 1108 1014 1148 Urbis
1047 1114 1156 1148 erat.

148 1175 191 1206 25
212 1166 410 1217 Languida
442 1168 674 1218 consurgit,
712 1179 784 1206 nec
817 1168 920 1220 scit,
962 1179 1032 1206 cur
1064 1167 1243 1218 languida
1277 1174 1434 1219 surgat,

271 1224 320 1264 Et
351 1226 502 1276 peragit
534 1225 621 1264 talis
653 1225 792 1264 arbore
824 1226 914 1264 nixa
946 1238 1086 1266 sonos:

213 1281 334 1322 ‘Utile
367 1285 418 1322 sit
449 1283 699 1334 faustumque
718 1315 729 1336 ‚
761 1296 932 1337 precor,
971 1284 1073 1335 quod
1109 1285 1276 1334 imagine
1310 1286 1435 1323 somni

271 1341 475 1380 Vidimus.
533 1354 580 1380 an
614 1354 750 1381 somno
783 1342 926 1381 clarius
958 1342 1053 1381 illud
1087 1340 1204 1381 erat?

211 1400 370 1452 Ignibus
402 1400 529 1439 Iliacis
561 1401 717 1439 aderam
736 1432 746 1452 ,
779 1413 868 1440 cum
900 1401 1005 1452 lapsa
1038 1401 1186 1452 capillis

148 1468 192 1499 30
272 1459 424 1498 Decidit
455 1465 544 1497 ante
578 1471 710 1498 sacros
742 1459 851 1498 lanea
885 1461 977 1498 vitta
1010 1460 1139 1498 socos.

212 1516 304 1556 Inde
338 1517 436 1556 duae
467 1518 615 1569 pariter
634 1549 644 1569 ‚
676 1519 762 1556 visu
794 1517 970 1557 mirabile
989 1550 999 1570 ,
1031 1518 1180 1569 palmae

273 1575 476 1626 Surgunt.
532 1588 579 1615 ex
611 1575 688 1614 illis
719 1576 840 1615 altera
872 1578 996 1616 maior
1027 1583 1133 1629 erat,

211 1634 261 1674 Et
293 1634 475 1686 gravibus
506 1635 626 1673 ramis
658 1640 782 1674 totum
815 1641 1040 1686 protexerat
1072 1635 1231 1688 orbem,

271 1692 574 1744 Contigeratque
607 1705 676 1732 sua
709 1693 836 1732 sidera
869 1706 1019 1733 summa
1052 1706 1183 1733 coma.

148 1760 191 1791 35
211 1751 314 1791 Ecce
347 1763 458 1791 meus
490 1752 639 1791 ferrum
670 1757 835 1806 patruus
867 1752 1028 1791 molitur
1058 1754 1099 1791 in
1130 1753 1237 1792 illas.

270 1810 440 1849 Terreor
471 1810 672 1850 admonitu
690 1843 701 1863 ‚
735 1823 881 1862 corque
914 1812 1054 1850 timore
1085 1813 1225 1850 micat.

212 1868 377 1921 Martia,
409 1870 522 1921 picus
542 1901 553 1921 ‚
585 1870 665 1908 avis
697 1871 852 1921 gemino
884 1881 955 1921 pro
988 1871 1119 1921 stipite
1152 1875 1327 1921 pugnant

269 1927 319 1966 Et
348 1927 468 1978 lupa.
524 1933 607 1967 tuta
637 1940 710 1980 per
742 1928 812 1967 hos
844 1934 1012 1979 utraque
1043 1928 1170 1979 palma
1202 1924 1319 1966 fuit.'

212 1985 397 2036 Dixerat,
431 1991 469 2024 et
499 1985 654 2036 plenam
686 1999 764 2026 non
796 1987 918 2025 firmis
953 1986 1099 2025 viribus
1131 1998 1270 2025 urnam

148 2052 192 2084 40
273 2043 468 2083 Sustulit.
523 2043 733 2096 implerat,
765 2044 858 2083 dum
891 2056 960 2083 sua
993 2046 1072 2082 visa
1104 2045 1247 2083 refert.

211 2102 364 2142 Interea
398 2107 600 2141 crescente
633 2102 754 2141 Remo
774 2133 785 2154 ‚
818 2108 1020 2142 crescente
1055 2102 1242 2155 Quirino,

271 2161 437 2200 Caelesti
470 2161 643 2200 tumidus
674 2161 848 2213 pondere
880 2167 1017 2200 venter
1049 2167 1154 2200 erat.

211 2218 296 2265 Quo
329 2221 458 2259 minus
491 2221 665 2259 emeritis
699 2221 822 2258 exiret
854 2219 1036 2258 cursibus
1070 2232 1218 2272 annus⁷

270 2277 482 2317 Restabant
513 2278 636 2317 nitido
669 2280 745 2317 iam
778 2278 854 2318 duo
887 2280 997 2329 signa
1028 2277 1123 2318 deo.

147 2345 190 2375 45
213 2336 329 2375 Silvia
361 2337 404 2376 fit
436 2343 588 2377 mater:
631 2336 770 2376 Vestae
803 2336 1010 2376 simulacra
1042 2338 1224 2376 feruntur

1151 2402 1220 2437 17*
