1570 2527
730 123 955 156 TRISTIUM

295 233 458 272 Dimidia
490 238 596 272 certe
623 238 733 283 parte
765 237 966 283 superstes
999 244 1090 270 ero⁴

229 301 272 331 45
296 292 339 330 Εἰ
371 292 494 340 mihi,
528 303 643 342 quam
676 290 793 329 celeri
824 292 1050 329 micuerunt
1080 289 1212 329 nubila
1243 289 1421 330 flamma!

294 350 470 395 Quantus
503 349 549 387 ab
583 349 756 394 aetherio
788 354 972 400 personat
1004 361 1073 388 axe
1105 347 1258 399 fragor!

293 408 371 447 Nec
403 408 525 447 levius
559 407 710 446 tabulae
743 406 909 446 laterum
941 408 1138 446 feriuntur
1170 407 1216 446 ab
1248 407 1387 459 undis,

293 466 415 511 Quam
447 478 563 517 grave
595 465 755 504 balistae
788 467 938 504 moenia
971 466 1099 516 pulsat
1130 477 1251 504 onus.

293 524 366 570 Qui
398 526 504 563 venit
534 523 598 563 hic
629 524 771 563 ssuctus
791 556 802 576 ‚
832 524 976 562 fluctus
1009 525 1276 575 supereminet
1307 535 1469 576 omnes;

228 592 271 623 50
293 583 492 621 Posterior
524 594 626 621 nono
661 588 719 621 est
752 582 1036 632 undecimoque
1070 583 1200 632 prior.

291 641 371 680 Nec
403 641 524 680 letum
555 643 703 692 time03
735 653 858 691 genus
891 646 951 678 est
983 639 1215 679 miserabile
1234 640 1326 680 leti.

292 700 443 738 Demite
477 700 750 751 naufragium,
783 711 888 737 mors
921 698 1016 737 mihi
1047 710 1192 737 munus
1224 699 1322 739 erit.

290 758 362 796 Est
394 758 567 809 aliquid,
601 758 726 796 fatove
760 769 829 796 suo
863 758 1015 795 ferrove
1049 757 1253 795 cadentem

292 816 335 854 In
368 816 489 854 soIIda
521 817 692 854 moriens
724 827 870 867 ponere
903 827 1046 866 corpus
1078 815 1221 866 humo,

229 884 270 913 55
292 874 341 912 Et
371 874 555 913 mandare
588 875 669 912 suis
703 874 830 925 aliqua
863 879 902 912 et
934 885 1092 924 sperare
1125 872 1350 923 sepulcrum

292 932 341 971 Et
372 945 450 971 non
482 934 688 983 aequoreis
719 932 894 982 piscibus
927 944 1011 970 esse
1045 931 1198 970 cibum.

291 991 444 1041 Fingite
476 1003 537 1029 me
571 991 730 1041 dignum
761 990 828 1028 tali
860 1002 955 1028 nece
975 1020 986 1041 ,
1018 1002 1096 1029 non
1129 1001 1200 1041 ego
1233 989 1338 1028 solus

290 1049 361 1088 Hic
393 1049 513 1087 vehor
534 1079 543 1088 .
586 1050 789 1087 inmeritos
823 1060 893 1087 cur
925 1060 1010 1087 mea
1041 1060 1167 1099 poena
1197 1045 1351 1086 trahit‘?

290 1108 365 1146 Pro
399 1109 534 1158 superi
564 1107 787 1158 viridesque
820 1107 912 1158 dei,
945 1106 1088 1157 quibus
1120 1118 1290 1156 aequora
1323 1117 1463 1158 curae,

226 1174 268 1204 60
290 1166 464 1216 Utraque
496 1167 572 1204 iam
605 1171 752 1204 vestras
785 1166 910 1203 sistite
943 1164 1058 1203 turba
1089 1166 1234 1203 minas:

290 1225 493 1274 Quamque
526 1223 633 1262 dedit
664 1226 779 1262 vitam
812 1225 1016 1262 mitissima
1049 1222 1225 1262 Caesaris
1256 1223 1338 1276 ira,

289 1282 396 1321 Hanc
429 1284 544 1320 sinite
576 1282 711 1320 infelix
742 1283 781 1320 in
813 1281 898 1320 loca
929 1283 1034 1319 iussa
1066 1281 1212 1320 seram.

291 1341 360 1392 Si,
393 1346 577 1391 quantam
608 1340 766 1391 merui,
798 1351 923 1390 poena
956 1351 1017 1377 me
1049 1339 1216 1390 perdere
1248 1339 1389 1388 vultis,

290 1399 410 1449 Culpa
437 1410 521 1436 mea
554 1404 613 1436 est
643 1400 728 1448 ipso
760 1397 889 1436 iudice
922 1402 1046 1436 morte
1079 1398 1230 1436 minor.

225 1465 268 1496 65
289 1457 442 1495 Mittere
476 1468 537 1494 me
571 1456 721 1506 Stygias
755 1457 787 1494 si
819 1457 895 1493 iam
926 1455 1115 1494 voluisset
1145 1455 1191 1493 ad
1225 1455 1348 1494 undas

289 1515 430 1554 Caesar
449 1546 459 1566 ‚
490 1516 530 1553 in
562 1514 636 1552 hoc
670 1520 798 1553 vestra
830 1526 907 1552 non
940 1514 1114 1565 eguisset
1144 1525 1240 1565 ope.

288 1573 358 1612 Est
389 1573 445 1611 illi
476 1574 601 1611 nostri
633 1584 711 1611 non
742 1572 932 1610 invidiosa
965 1574 1116 1611 cruoris

289 1631 406 1681 Copia
426 1662 434 1671 .
480 1631 662 1681 quodque
696 1630 831 1682 dedit,
864 1643 952 1668 cum
985 1630 1115 1682 volet,
1151 1632 1235 1682 ipse
1268 1631 1391 1670 feret.

288 1689 363 1730 Vos
396 1689 510 1727 modo
529 1720 539 1736 ,
573 1700 671 1739 quos
704 1694 810 1726 certe
843 1688 979 1740 nullo,
1012 1694 1106 1738 puto
1127 1719 1138 1739 ,
1169 1690 1332 1728 crimine
1363 1689 1482 1742 laesi,

225 1757 268 1787 70
290 1747 473 1786 Contenti
505 1748 650 1785 nostris
682 1748 757 1784 iam
776 1777 786 1797 ‚
819 1758 960 1797 precor
979 1778 991 1798 7
1023 1751 1106 1784 este
1138 1746 1272 1785 malis!

288 1805 368 1844 Nec
400 1811 530 1844 tamen
549 1836 560 1856 ,
592 1810 636 1843 ut
667 1806 799 1843 cuncti
830 1806 1018 1843 miserum
1051 1816 1206 1843 servare
1239 1805 1390 1855 velitis,

289 1864 400 1909 Quod
432 1865 577 1915 periit,
611 1862 758 1902 salvum
789 1864 864 1901 iam
898 1868 1015 1914 caput
1046 1874 1132 1901 esse
1164 1868 1318 1914 potest.

288 1922 338 1960 Ut
370 1934 475 1960 mare
509 1922 683 1960 considat
715 1923 919 1971 ventisque
952 1921 1170 1960 serentibus
1202 1927 1314 1974 utar,

288 1980 338 2019 Ut
369 1980 464 2018 mihi
494 1981 662 2031 parcatis
682 2011 692 2031 ‚
724 1992 802 2017 non
835 1981 963 2018 minus
996 1980 1085 2018 exul
1117 1979 1208 2019 ero!

225 2047 267 2078 75
288 2038 373 2077 Non
407 2050 479 2089 ego
513 2038 664 2076 divitias
697 2038 831 2076 avidus
865 2039 948 2076 sine
980 2038 1057 2076 fine
1089 2038 1250 2089 parandi
1303 2084 1305 2086 ¹

289 2096 427 2135 Latum
459 2095 656 2136 mutandis
686 2096 884 2134 mercibus
917 2108 1185 2147 aequor-aro:

225 2163 267 2194 79
288 2155 373 2193 Non
406 2160 450 2193 ut
481 2154 690 2193 Alexandri
721 2154 862 2193 claram
896 2154 1046 2193 delatus
1079 2155 1125 2193 ad
1157 2154 1296 2194 urbem

227 2221 271 2252 80
292 2213 457 2252 Delicias
490 2213 668 2265 videam,
700 2212 785 2251 Nile
816 2214 946 2251 iocose
965 2244 976 2264 ‚
1008 2218 1118 2264 tuas;

225 2280 267 2311 77
290 2271 369 2310 Nec
406 2276 496 2322 peto
516 2303 526 2323 ‚
560 2283 655 2322 quas
694 2270 888 2322 quondam
925 2271 1021 2322 petii
1053 2270 1251 2310 studiosus
1270 2301 1281 2320 ‚
1312 2270 1506 2323 Athenas,

225 2338 267 2369 78
289 2329 438 2381 Oppida
470 2341 546 2368 non
579 2330 724 2382 Asiae,
756 2341 833 2367 non
865 2328 948 2367 loca
981 2330 1060 2367 visa
1090 2330 1223 2380 prius.
