1570 2527
203 155 222 194 1
233 154 288 195 62
747 153 812 185 Ex
836 153 992 186 PONTO

378 263 563 301 Eiusdem
597 264 697 300 sacri
729 261 855 300 cultor
886 267 1054 313 uterque
1087 274 1245 303 sumus.

254 329 296 361 65
318 321 374 359 Ad
408 326 533 359 vatem
565 326 672 358 vates
705 321 853 358 orantia
885 319 1042 359 brachia
1074 321 1216 373 tendo,

378 379 499 417 Terra
533 380 583 416 sit
615 378 739 417 exiliis
771 383 815 416 ut
845 384 912 417 tua
944 379 1017 417 fida
1051 381 1170 418 meis,

317 437 402 475 Non
436 449 507 487 ego
541 436 658 475 caede
691 448 837 475 nocens
868 438 909 475 in
941 438 1058 475 Ponti
1088 437 1203 475 litora
1235 439 1348 489 veni,

376 495 539 533 Mixtave
572 499 664 533 sunt
696 500 830 532 nostra
862 495 945 533 dira
977 507 1123 533 venena
1157 507 1299 534 manu:

318 553 398 592 Nec
431 565 516 591 mea
549 553 725 591 subiecta
757 554 933 591 convicta
966 558 1025 591 est
1056 565 1206 603 gemma
1238 553 1376 592 tabella

256 620 297 651 70
377 611 602 649 Mendacem
634 611 722 649 linis
754 612 989 661 imposuisse
1023 617 1177 649 notam.

317 669 396 708 Nec
429 672 667 721 quicquam,
701 669 803 720 quod
836 669 919 720 lege
952 674 1061 708 vetor
1094 670 1369 722 committere,
1402 670 1502 709 feci:

376 728 446 767 Est
478 734 607 766 tamen
640 728 701 766 his
733 729 885 778 gravior
917 740 1017 766 noxa
1049 727 1203 766 fatenda
1234 728 1352 766 mihi.

316 786 419 825 Neve
441 799 575 838 roges,
597 798 695 837 quae
717 787 786 825 sit.
826 786 982 825 stultam
1004 798 1119 836 quam
1139 787 1367 837 scrIpsimus
1382 787 1534 840 Artem,

375 845 566 883 Innocuas
600 844 712 883 nobis
744 844 839 882 haec
871 850 974 883 vetat
1006 856 1091 882 esse
1124 856 1284 883 manus.

255 910 296 942 75
318 903 468 954 Ecquid
502 908 703 954 praeterea
735 904 958 954 peccarim,
991 915 1180 953 quaerere
1213 902 1314 954 noli,
1477 911 1534 945 (68)

380 961 428 999 Ut
459 961 575 999 lateat
606 961 685 999 sola
717 961 829 1011 culpa
862 961 934 999 sub
966 961 1058 999 Arte
1091 973 1199 999 mea.

298 1019 513 1070 ‚Quidquid
545 1019 583 1058 id
617 1025 704 1070 est,
736 1019 871 1057 habuit
903 1019 1140 1057 moderatam
1173 1019 1337 1058 vindicis
1368 1021 1488 1072 iram,

377 1078 451 1123 Qui
483 1079 559 1115 nisi
592 1078 757 1116 natalem
788 1077 842 1115 nil
874 1077 968 1115 mihi
1000 1078 1167 1128 dempsit
1198 1077 1383 1117 humum.

317 1136 396 1174 Hac
430 1137 612 1186 quoniam
646 1147 758 1174 careo
778 1167 788 1186 ,
820 1141 886 1174 tua
918 1147 1023 1174 nunc
1055 1136 1195 1173 vicinia
1226 1141 1421 1189 praestet,

255 1203 297 1234 80
376 1193 502 1233 Iuviso
535 1195 682 1245 possim
714 1198 823 1232 tutus
855 1199 899 1232 ut
931 1205 1017 1232 esse
1049 1193 1156 1232 loco.

839 1321 894 1368 X.

316 1425 466 1476 Ecquid
499 1426 546 1464 ab
578 1428 791 1476 impressae
826 1427 1029 1476 cognoscis
1062 1428 1228 1478 imagine
1261 1439 1372 1466 cerae

375 1484 478 1523 Haec
511 1484 582 1523 tibi
614 1484 806 1523 Nasonem
840 1484 1013 1523 scribere
1046 1484 1191 1537 verba,
1223 1483 1386 1525 Macer?

317 1542 576 1593 Auctorisque
609 1544 670 1581 sui
703 1544 734 1581 si
767 1554 844 1580 non
877 1547 937 1581 est
969 1543 1107 1581 anulus
1138 1543 1280 1596 indeX,

375 1601 587 1651 Cognitane
621 1606 680 1641 est
712 1606 845 1639 nostra
875 1601 1004 1639 littera
1037 1601 1135 1640 facta
1168 1599 1321 1640 manu?

276 1666 295 1697 5
316 1659 372 1697 An
406 1659 475 1697 tibi
508 1661 683 1698 notitiam
715 1671 822 1697 mora
854 1661 1040 1710 temporis
1074 1661 1190 1710 eripit
1220 1660 1384 1711 horum,

374 1716 454 1755 Nec
487 1723 671 1768 repetunt
704 1717 805 1755 oculi
838 1719 946 1768 signa
978 1723 1128 1756 vetusta
1160 1716 1254 1757 tui‘?

319 1775 380 1813 Sis
412 1775 503 1813 licet
535 1775 678 1813 oblitus
711 1777 856 1824 pariter
888 1787 1139 1826 gemmaeque
1173 1787 1412 1829 manusque,

376 1832 573 1871 Exciderit
604 1838 754 1871 tantum
787 1845 835 1871 ne
867 1833 938 1871 tibi
970 1845 1063 1871 cura
1096 1835 1193 1872 mei.

317 1891 440 1937 Quam
472 1897 514 1930 tu
546 1891 606 1929 vel
636 1891 741 1941 longi
773 1890 891 1929 debes
924 1892 1166 1930 convictibus
1197 1893 1304 1944 aevi,

255 1958 296 1989 10
376 1949 443 1987 Vel
475 1961 559 1987 mea
592 1949 696 2000 quod
729 1951 895 1987 coniunx
928 1962 1005 1987 non
1039 1950 1162 1989 aliena
1194 1951 1289 2003 tihi,

316 2007 383 2046 Vel
416 2007 583 2059 studiis,
616 2007 758 2058 quibus
791 2019 857 2059 es,
890 2020 1004 2058 quam
1037 2020 1132 2060 nos,
1168 2009 1382 2060 sapientius
1413 2021 1528 2063 usus,

375 2065 501 2116 thue
535 2066 676 2117 decet,
708 2066 811 2104 nulla
844 2066 969 2104 factus
1003 2078 1043 2104 es
1075 2067 1168 2106 Arte
1201 2079 1371 2106 nocens,

317 2124 375 2163 Tu
409 2125 515 2162 canis
548 2130 706 2162 aeterno
740 2124 925 2174 quidquid
960 2124 1130 2163 restabat
1161 2124 1353 2177 Homero,

374 2182 429 2220 Ne
463 2187 620 2221 careant
652 2195 802 2221 summa
833 2182 971 2220 Troica
1002 2182 1102 2221 bella
1133 2195 1272 2221 manu.

254 2249 295 2279 15
316 2240 416 2278 Naso
450 2253 588 2290 parum
620 2241 823 2292 prudens,
855 2246 977 2279 artem
1010 2241 1100 2280 dum
1133 2241 1252 2280 tradit
1283 2242 1457 2295 amandi,

375 2298 581 2337 Doctrinae
614 2301 784 2349 pretium
816 2300 926 2337 triste
958 2300 1142 2349 magister
1173 2299 1313 2339 habet.

319 2356 423 2395 Sunt·
450 2363 576 2395 tamen
609 2359 712 2395 inter
745 2369 786 2396 se
819 2359 1037 2396 communia
1069 2370 1178 2396 sacra
1209 2359 1358 2410 poetis,
1470 2365 1525 2399 (6⁹)
