1570 2527
557 105 617 137 VI.
646 106 840 138 749—812.
1279 100 1363 143 355

146 214 335 253 Convenit
366 219 404 253 et
437 215 559 252 servis
578 245 589 266 ,
621 225 732 251 serva
763 213 854 263 quia
885 211 1037 250 Tullius
1069 216 1179 249 ortus

206 272 417 311 Constituit
449 271 589 310 dubiae
621 271 763 322 templa
795 272 1015 335 propinqua
1047 269 1165 308 deae.

486 345 553 387 25.
584 343 668 385 HC
730 345 796 386 26.
830 341 910 385 AO

60 426 125 458 785
146 417 248 457 Ecce
281 417 504 457 suburbana
535 417 691 456 rediens
725 416 821 455 male
856 415 1010 454 sobrius
1042 415 1135 454 aede

206 475 263 514 Ad
296 476 426 515 stellas
459 476 597 526 aliquis
629 475 719 514 talia
753 474 867 513 verba
898 476 1010 513 iacit:

146 534 249 572 Zona
280 534 373 573 latet
403 540 470 573 tua
501 546 606 572 nune
625 565 635 585 ,
668 540 707 572 et
738 545 823 572 cras
856 534 1021 571 sortasse
1053 531 1211 570 latebit:

204 592 351 631 Dehinc
384 594 486 644 erit,
520 592 670 644 Orion,
702 591 924 643 aspicienda
956 591 1073 629 mihi.

145 650 194 690 At
226 652 259 689 si
290 663 368 689 non
400 656 504 690 esset
535 656 651 701 potus
671 682 681 702 ,
713 650 875 688 dixisset
907 650 1040 688 eadem

61 717 126 749 790
206 708 423 748 Venturum
455 716 612 760 tempus
645 708 845 748 solstitiale
879 708 964 746 die.

489 784 554 824 27.
588 781 666 824 BC
729 783 795 824 28.
829 780 902 823 CF

146 855 327 894 Lucifero
360 855 551 894 subeunte
584 855 704 893 Lares
736 854 897 893 delubra
929 853 1105 892 tulerunt

206 913 301 964 Hic,
338 913 407 952 ubi
437 914 480 951 fit
511 913 623 951 docta
654 913 775 951 multa
808 924 950 951 corona
984 923 1122 950 manu.

147 971 318 1022 Tempus
343 972 445 1010 idem
467 971 598 1010 Stator
623 971 728 1010 aedis
755 970 894 1021 habet,
922 981 1037 1020 quam
1057 968 1246 1007 Romulus
1273 969 1362 1007 olim

207 1030 306 1068 Ante
337 1029 501 1068 Palatini
534 1030 707 1068 condidit
739 1041 806 1068 ora
836 1029 940 1079 iugi.

605 1102 671 1143 29.
704 1101 783 1142 DF

63 1183 127 1214 795
147 1175 222 1213 Tot
254 1180 404 1214 restant
435 1175 482 1213 de
514 1187 650 1213 mense
682 1174 794 1226 dies,
827 1180 922 1224 quot
953 1174 1110 1212 uomina
1141 1171 1296 1223 Parcis,

209 1233 306 1272 Cum
338 1233 425 1272 data
458 1239 550 1272 sunt
581 1232 737 1272 trabeae
770 1232 941 1283 templa,
975 1231 1167 1282 Quirine,
1199 1236 1310 1269 tuae.

612 1307 679 1348 30.
711 1305 790 1347 EO

149 1380 320 1431 Tempus
351 1378 468 1418 Iuleis
500 1391 585 1417 cras
618 1384 677 1417 est
708 1378 833 1416 natale
866 1377 1072 1416 Kalendis:

206 1437 410 1489 Pierides,
442 1439 590 1488 coeptis
623 1436 750 1475 addite
784 1448 933 1475 summa
965 1437 1084 1474 meis.

149 1496 272 1535 Dicite
291 1528 302 1548 ,
333 1495 536 1547 Pierides,
571 1497 658 1546 quis
689 1507 758 1534 vos
790 1495 1010 1534 adiunxerit
1040 1495 1128 1545 isti,

62 1562 129 1594 800
208 1554 280 1593 Cui
311 1554 418 1593 dedit
448 1555 588 1593 invitas
620 1556 719 1592 victa
752 1565 917 1592 noverca
949 1549 1122 1591 manus?

149 1612 212 1652 Sic
244 1625 343 1664 ego.
401 1614 457 1651 sie
489 1612 594 1651 Clio:
639 1609 754 1650 ‘clari
785 1613 1023 1650 monimenta
1054 1609 1222 1661 Philippi

206 1671 387 1723 Aspicis,
419 1670 523 1709 unde
555 1670 675 1709 trahit
706 1669 849 1709 Marcia
882 1675 984 1708 casta
1017 1681 1163 1720 genus:

147 1729 316 1781 Marcia,
348 1729 524 1767 sacrifico
558 1729 769 1768 deductum
802 1740 944 1766 nomen
976 1727 1022 1766 ab
1054 1728 1184 1779 Anco,

205 1787 249 1827 ln
280 1800 356 1839 qua
386 1799 477 1839 pars
509 1787 627 1826 facies
658 1786 857 1826 nobilitate
891 1798 960 1825 sua
992 1792 1075 1825 est.

31 1853 97 1884 805
121 1845 211 1896 [Par
242 1847 369 1885 animo
403 1858 558 1897 quoque
591 1846 714 1884 forma
748 1857 818 1884 suo
850 1845 1063 1896 respondet
1092 1846 1133 1883 in
1164 1844 1250 1897 illa,

204 1903 254 1943 Et
284 1916 408 1954 genus
440 1910 480 1942 et
510 1904 627 1942 facies
658 1905 937 1954 ingeniumque
971 1902 1086 1941 simul
1100 1901 1127 1952 .]

147 1962 227 2002 Nec
259 1962 362 2013 quod
394 1961 595 2000 laudamus
626 1962 790 1999 formam
808 1991 820 2011 ,
852 1967 894 1999 tu
927 1967 1042 2012 turpe
1074 1962 1249 2011 putaris:

204 2019 424 2059 Laudamus
455 2031 613 2070 magnas
644 2019 716 2058 hac
749 2031 904 2070 quoque
936 2025 1046 2070 parte
1079 2018 1193 2057 deas.

147 2079 274 2130 Nupta
306 2079 380 2117 suit
411 2077 606 2130 quondam
636 2083 845 2116 matertera
878 2077 1054 2116 Caesaris
1085 2077 1162 2116 illi.

60 2144 126 2176 810
205 2137 236 2176 Ο
269 2137 417 2189 decus,
451 2149 472 2175 o
506 2148 613 2175 sacra
645 2137 789 2175 femina
821 2136 935 2187 digna
966 2132 1125 2176 domol’

148 2195 212 2234 Sic
243 2197 384 2234 cecinit
416 2195 526 2234 Clio.
582 2194 717 2233 doctae
751 2206 953 2233 assensere
985 2205 1164 2244 sorores3

204 2254 350 2292 Annuit
379 2253 534 2293 Alcides
564 2254 838 2304 increpuitque
870 2253 1015 2304 lyram.

563 2363 824 2378 .-—-00-—
