1570 2527
183 60 238 101 58
745 58 972 92 TRISTlUM

301 169 387 209 Non
419 169 496 208 nisi
527 169 674 207 vicinas
706 172 816 206 tutus
849 169 969 207 ararit
1000 179 1141 218 aquas.

301 228 428 267 Rarus
461 226 507 265 ab
540 225 648 265 Italia
679 231 831 264 tantum
863 238 969 264 mare
1002 227 1130 264 navita
1161 227 1324 278 transit,

301 286 433 325 Litora
465 295 578 323 rarus
610 285 650 322 in
682 284 777 323 haec
809 283 1002 335 portubus
1035 283 1129 322 orba
1161 285 1289 323 venit.

305 345 393 383 Sive
427 349 556 381 tamen
589 342 734 382 Graeca
767 343 928 394 scierit,
961 344 1041 381 sive
1073 342 1136 381 ille
1168 341 1305 382 Latina

242 412 286 443 40
307 402 408 441 Voce
440 401 576 453 loqui,
608 421 666 429 —·
697 406 803 440 certe
835 402 983 451 gratior
1014 400 1131 439 huius
1164 402 1265 453 erit3

304 460 377 499 Fas
404 471 560 511 qnoque
593 459 639 498 ab
666 471 734 498 ore
767 459 858 497 freti
882 459 1097 510 longaeque
1123 457 1384 510 Propontidos
1410 458 1526 498 undis

305 518 389 557 Iluc
422 518 591 569 aliquem
623 523 731 556 certo
764 516 847 556 vela
879 516 1034 556 dedisse
1066 522 1160 555 noto
1196 537 1245 544 —

306 577 492 627 Quisquis
524 577 558 614 is
589 581 677 627 est,
710 577 873 614 memori
905 587 1104 614 rumorem
1137 587 1230 614 voce
1262 576 1411 615 referre

305 635 355 674 Et
386 635 472 674 fieri
503 634 626 673 famae
658 646 828 686 parsque
859 634 1082 685 gradusque
1115 639 1267 685 potest.

241 703 284 733 45
305 694 373 746 Is,
404 705 574 745 precor,
607 693 760 731 auditos
791 693 917 743 possit
948 704 1109 732 narrare
1140 691 1361 744 triumphos

306 752 481 791 Caesaris
514 756 553 790 et
583 751 692 790 Latio
724 751 875 790 reddita
907 756 995 790 vota
1026 751 1132 802 Iovi,

304 810 439 861 Teque
457 842 467 862 ‚
500 808 722 849 rebellatrix
742 840 753 861 ,
786 809 971 860 tandem,
1005 809 1211 848 Germania
1228 839 1239 861 ‚
1271 810 1402 860 magni

305 869 434 907 Triste
466 874 584 919 caput
614 867 780 919 pedibus
813 869 1068 919 supposuisse
1100 867 1235 906 ducis.

306 927 410 966 Haec
442 926 538 965 mihi
570 928 638 977 qui
669 926 844 977 referet,
877 938 975 977 quae
1007 938 1085 965 non
1118 926 1261 965 vidisse
1293 925 1456 978 dolebo,

243 994 286 1025 50
306 985 373 1024 Ille
405 997 513 1023 meae
545 985 679 1024 domui
710 985 891 1035 protinus
923 984 1065 1036 hospes
1097 986 1194 1023 erit.

306 1044 353 1082 Ei
377 1042 495 1082 mihi!
539 1044 666 1082 iamne
694 1043 832 1082 domus
859 1042 1041 1094 Scythico
1067 1042 1233 1082 Nasonis
1258 1044 1299 1082 in
1325 1043 1421 1082 orbe
1448 1049 1528 1095 est,

306 1102 465 1152 Iamque
497 1113 612 1141 suum
645 1101 740 1140 mihi
772 1101 837 1140 dat
867 1113 938 1153 pro
971 1101 1050 1140 lare
1082 1113 1206 1153 poena
1238 1099 1403 1141 locum?

306 1160 352 1199 Di
383 1161 498 1199 facite
518 1192 528 1212 ,
559 1166 604 1199 ut
635 1160 777 1199 Caesar
808 1171 886 1198 non
919 1159 981 1198 hic
1013 1160 1213 1211 penetrale
1244 1160 1504 1213 domumque,

308 1218 531 1270 Hospitium
562 1230 711 1270 poenae
743 1217 810 1257 sed
842 1217 936 1257 velit
967 1230 1053 1257 esse
1086 1217 1216 1258 meae!

793 1346 921 1393 XIII.

307 1452 410 1492 Ecce
448 1463 715 1503 supervacuus
739 1473 789 1478 —
813 1451 905 1503 quid
938 1452 1041 1490 enim
1075 1452 1148 1490 fuit
1179 1451 1275 1491 utile
1313 1450 1454 1504 gigni?
1477 1474 1525 1480 —

307 1511 364 1550 Ad
397 1523 466 1549 sna
499 1510 643 1549 Natalis
674 1515 852 1561 tempora
884 1515 1018 1549 noster
1050 1510 1181 1549 adest.

309 1569 443 1621 Dure,
476 1569 569 1619 quid
601 1568 647 1607 ad
680 1570 844 1607 miseros
877 1568 1060 1607 veniebas
1091 1568 1216 1607 exulis
1249 1567 1408 1608 annos?

308 1626 508 1666 Debueras
539 1626 616 1665 illis
648 1627 869 1677 inposuisse
901 1627 1082 1665 modum.

269 1694 289 1724 5
311 1685 351 1724 Si
383 1684 455 1724 tibi
486 1697 580 1723 cura
611 1686 717 1737 mei,
748 1684 808 1723 vel
841 1686 874 1723 si
905 1685 1032 1735 pudor
1063 1684 1168 1723 ullus
1200 1686 1370 1738 inesset,

308 1743 394 1782 Non
426 1742 528 1782 ultra
559 1744 723 1794 patriam
755 1754 817 1781 me
850 1754 1061 1793 sequerere
1092 1755 1241 1795 meam,

311 1802 474 1853 Quoque
506 1801 592 1840 loco
624 1802 795 1852 primum
821 1800 893 1839 tihi
926 1813 1011 1839 sum
1037 1801 1135 1840 male
1168 1803 1347 1852 cognitus
1378 1802 1529 1855 infans,

311 1860 377 1898 Illo
409 1865 641 1911 temptasses
673 1859 834 1898 ultimus
867 1871 953 1898 esse
986 1860 1107 1911 mihi,

311 1919 432 1970 Inque
464 1918 721 1969 relinquendo
741 1949 752 1970 ‚
785 1918 888 1969 quod
921 1918 1023 1956 idem
1055 1919 1184 1957 fecere
1217 1918 1395 1971 sodales,

249 1986 291 2016 10
311 1977 368 2016 Tu
402 1989 558 2028 quoque
591 1976 756 2015 dixisses
788 1977 912 2015 tristis
945 1978 984 2015 in
1017 1976 1121 2015 Urbe
1154 1976 1259 2016 vale.

313 2035 414 2080 Quid
445 2035 518 2074 tibi
550 2047 639 2074 cum
670 2035 793 2074 Ponto
813 2033 835 2074 i>
880 2047 974 2074 num
1006 2041 1043 2074 te
1077 2047 1233 2086 quoque
1266 2035 1442 2075 Caesaris
1473 2036 1530 2074 ira

311 2093 533 2132 Extremam
566 2093 685 2144 gelidi
715 2094 821 2132 misit
852 2095 892 2132 in
925 2093 1031 2132 orbis
1064 2091 1261 2132 humum?

314 2151 471 2190 Scilicet
503 2157 684 2203 expectas
717 2152 874 2191 solitum
904 2151 976 2190 tibi
1007 2153 1128 2190 moris
1159 2152 1369 2204 honorem,

312 2209 483 2248 Pendeat
515 2222 561 2248 ex
593 2212 740 2249 umeris
772 2211 893 2249 vestis
924 2215 969 2249 ut
1000 2209 1084 2249 alba
1117 2211 1237 2262 meis,

252 2277 291 2306 15
313 2267 475 2307 Fumida
507 2270 686 2318 cingatur
717 2268 948 2307 florentibus
984 2281 1049 2307 ara
1081 2270 1261 2312 coronis,
