1570 2527
551 121 577 152 I.
604 127 631 152 x
652 120 767 153 9—11.
793 128 808 153 1
829 123 885 153 33.
1308 118 1390 160 143

444 245 628 299 LIBER
667 245 1001 302 SECUNDUS.
1333 267 1389 299 (35)

698 367 733 414 I.

165 461 251 502 Huc
284 473 440 513 quoque
475 460 654 500 Caesarei
685 463 865 513 pervenit
897 462 996 501 fama
1028 462 1241 516 triumphi,

224 519 423 571 Languida
457 532 534 571 quo
567 520 660 559 fessi
692 521 755 559 vix
787 522 893 560 venit
925 533 1018 560 aura
1049 523 1154 561 noti.

165 578 228 618 Nil
260 579 343 618 fore
376 578 489 617 dulce
522 578 616 617 mihi
650 578 831 630 Scythica
864 581 1023 630 regione
1055 581 1211 632 putavi:

224 636 303 676 lam
336 638 465 676 minus
498 637 562 676 hic
597 637 686 676 odio
720 644 807 690 est,
847 650 962 689 quam
995 639 1069 678 fuit
1100 645 1218 692 ante,
1255 638 1388 680 loeus,

130 704 149 735 5
171 695 345 735 Tandem
377 695 522 747 aliquid
552 695 664 747 pulsa
697 708 881 736 curarum
912 696 1017 736 nube
1050 709 1235 737 serenum

224 754 338 805 Vidi,
371 754 551 793 fortunae
584 753 701 793 verba
734 755 901 806 dedique
933 768 1064 795 meae.

164 812 268 852 Nolit
301 818 344 851 ut
375 812 452 851 ulla
484 812 579 851 mihi
612 814 839 864 contingere
873 813 1012 864 gaudia
1045 814 1209 867 Caesar,

223 870 328 910 Velle
361 876 493 922 potest
525 871 647 910 cuivis
680 870 775 910 haec
808 877 937 911 tamen
970 884 1046 911 una
1079 873 1184 912 dari.

164 929 209 970 Di
242 942 399 981 quoque
418 961 430 982 ,
463 935 506 969 ut
538 942 558 968 a
591 931 744 969 cunctis
777 930 891 969 hilari
922 932 1066 982 pietate
1099 931 1300 984 colantur,

102 997 144 1028 10
223 988 439 1028 Tristitiam
473 989 565 1039 poni
597 1000 667 1040 per
699 1001 770 1028 sua
801 989 900 1028 festa
931 989 1090 1029 iubent.

163 1047 370 1099 Denique,
403 1047 506 1098 quod
540 1052 673 1086 certus
705 1047 815 1087 furor
848 1054 908 1087 est
939 1048 1084 1087 audere
1117 1050 1254 1101 fateri,

222 1105 303 1145 Hac
336 1118 406 1157 ego
440 1106 583 1145 laetitia
602 1136 614 1158 ⁷
647 1107 680 1145 si
711 1111 816 1146 vetet
846 1108 960 1159 ipse,
992 1107 1120 1147 fruar.

163 1164 339 1216 luppiter
370 1164 533 1203 utilibus
566 1166 748 1215 quotiens
779 1166 885 1204 iuvat
916 1165 1108 1205 imbribus
1141 1178 1277 1219 agros,

222 1223 340 1262 Mixta
372 1228 488 1262 tenax
521 1225 644 1274 segeti
676 1235 856 1263 crescere
890 1223 1001 1276 lappa
1034 1225 1154 1264 solet.

101 1291 141 1321 15
162 1281 241 1321 Nos
275 1293 430 1333 quoque
464 1282 697 1332 frugiferum
731 1284 922 1321 sentimus
954 1283 1103 1322 inutilis
1135 1283 1256 1322 herba

223 1340 407 1392 Numen,
439 1346 478 1379 et
508 1342 628 1379 invita
661 1353 776 1392 saepe
809 1343 987 1380 iuvamur
1019 1354 1114 1392 ope.

166 1399 312 1438 Gaudia
344 1398 555 1439 Caesareae
589 1401 731 1439 mentis
763 1412 834 1451 pro
867 1406 977 1451 parte
1010 1400 1110 1439 virili

225 1457 325 1497 Sunt
356 1469 470 1497 mea:
514 1459 655 1509 privati
686 1458 740 1497 nil
772 1458 889 1497 habet
920 1458 983 1497 illa
1016 1458 1178 1498 domus.

165 1515 324 1568 Gratia,
357 1517 456 1555 fama
477 1548 487 1568 ‚
519 1515 612 1555 tibi!
645 1529 715 1568 per
749 1529 864 1568 quam
897 1523 1070 1569 spectata
1103 1519 1291 1571 triumphi

99 1583 144 1616 20
224 1575 378 1614 lncluso
413 1574 550 1613 mediis
583 1582 642 1614 est
674 1575 768 1614 mihi
799 1588 940 1627 pompa
973 1576 1103 1616 Getis.

164 1633 295 1674 Indice
329 1640 366 1672 te
399 1633 546 1685 didici,
579 1645 705 1685 nuper
738 1635 896 1673 visenda
929 1636 1055 1674 coisse
1329 1645 1385 1677 (36)

223 1692 452 1732 innumeras
485 1698 620 1743 gentes
653 1692 699 1731 ad
733 1692 844 1732 ducis
877 1705 943 1732 ora
977 1695 1061 1732 sui:

164 1751 351 1802 Quaeque
384 1753 487 1802 capit
518 1752 635 1789 vastis
668 1753 891 1791 inmensum
923 1752 1128 1791 moenibus
1161 1752 1319 1806 orbem,

221 1808 411 1861 Hospitiis
444 1809 605 1848 Romam
637 1811 699 1849 vix
731 1810 914 1850 habuisse
947 1811 1101 1850 locum.

99 1877 141 1908 25
162 1868 221 1908 Tu
254 1868 349 1907 mihi
382 1870 578 1920 narrasti,
611 1881 700 1908 cum
733 1869 865 1909 multis
897 1869 1052 1909 lucibus
1084 1875 1173 1910 ante

222 1927 386 1966 Fuderit
418 1927 593 1966 assiduas
626 1927 784 1967 nubilus
817 1934 950 1967 auster
982 1941 1125 1980 aquas,

163 1985 331 2026 Numine
364 1985 523 2025 caelesti
555 1986 676 2025 solem
710 1987 866 2025 fulsisse
899 1998 1108 2039 serenum,

223 2044 321 2084 Cum
353 2044 486 2096 populi
518 2045 626 2084 vultu
659 2047 915 2084 conveniente
948 2045 1033 2084 die.

164 2104 290 2154 Atque
322 2104 375 2142 ita
408 2105 594 2142 victorem
629 2116 718 2144 cum
751 2116 910 2154 magnae
944 2105 1050 2143 vocis
1082 2103 1230 2143 honore

98 2170 141 2201 30
220 2162 363 2201 Bellica
395 2161 560 2201 laudatis
593 2162 692 2202 dona
725 2162 879 2202 dedisse
912 2163 1029 2216 viris,

165 2220 354 2272 Claraque
388 2227 638 2273 sumpturum
671 2223 794 2273 pictas
826 2222 993 2272 insignia
1027 2226 1153 2261 vestes

222 2279 327 2318 Tura
358 2280 469 2331 prius
501 2281 646 2319 sanctis
678 2281 900 2332 inposuisse
933 2280 1054 2332 focis,

164 2338 433 2389 lustitiamque
466 2340 527 2378 sui
560 2344 664 2377 caste
697 2338 870 2390 placasse
903 2341 1076 2391 parentis
