1570 2527
548 151 594 183 ΙΙ.
621 158 654 183 11
676 152 839 183 111-—111
860 151 915 183 50.
1319 147 1401 189 149

117 269 159 300 15
182 260 281 311 [Nec
307 260 382 299 nisi
404 258 508 311 quod
533 258 715 310 prodest,
742 270 876 297 carum
903 264 982 310 est,
1009 263 1068 310 et,
1094 257 1255 297 detrahe
1280 259 1404 297 menti

241 318 358 370 Spem
391 318 544 357 fructus
576 316 708 356 avidae
728 348 738 368 ,
769 329 885 355 nemo
917 316 1110 368 petendus
1144 318 1218 355 erit
1232 315 1259 367 .]

178 379 228 417 At
253 377 405 416 reditus
430 378 506 415 iam
528 377 694 427 quisque
722 387 815 414 suos
842 382 966 427 amat,
993 380 1032 414 et
1058 375 1131 414 sihi
1158 375 1252 427 quid
1279 377 1330 415 sit
1347 383 1403 417 (45)

241 435 341 475 Utile
360 467 371 487 ‚
404 435 580 474 sollicitis
613 440 799 485 supputat
831 434 1030 473 articulis.

179 494 279 534 Illud
309 495 502 533 amicitiae
534 493 730 545 quondam
762 492 982 532 venerabile
1015 505 1161 532 numen

115 561 160 593 20
239 553 396 593 Prostat
427 559 466 592 et
497 554 537 591 in
571 558 737 603 quaestu
768 564 840 603 pro
873 553 1082 591 meretrice
1115 552 1249 591 sedet.

181 612 267 659 Quo
299 613 422 663 magis
454 611 657 663 admiror,
688 623 766 650 non
785 642 796 662 ,
828 617 872 650 ut
904 610 1148 650 torrentibus
1182 610 1320 663 undis,

240 671 468 710 Communis
500 671 583 709 vitii
614 675 652 708 te
686 681 842 720 quoque
874 669 960 708 labe
992 669 1120 708 trahi.

179 729 362 780 Diligitur
394 741 508 767 nemo
528 761 538 780 ,
570 729 647 767 nisi
679 730 742 767 cui
775 728 932 767 fortuna
964 729 1135 767 secunda
1167 735 1251 768 est:

241 788 347 833 Quae
381 786 496 826 simul
528 788 729 838 intonuit,
760 788 937 836 proxima
970 799 1147 838 quaeque
1181 788 1310 837 sugat.

116 854 160 886 25
181 846 240 885 En
273 858 374 897 ego,
407 857 486 884 non
518 846 653 896 paucis
687 845 881 895 quondam
914 846 1090 883 munitus
1123 847 1279 898 amiciS,

239 905 339 944 Dum
372 904 478 942 ssavit
508 903 604 942 velis
635 915 728 942 aura
762 903 933 942 secunda
966 905 1086 954 meis,

180 963 230 1003 Ut
262 964 343 1002 fera
375 962 555 1001 nimboso
588 967 820 1001 tumuerunt
851 974 1020 1013 aequora
1052 968 1192 1014 vento,

239 1022 283 1061 ln
315 1021 454 1061 mediis
485 1021 612 1060 lacera
645 1033 742 1059 nave
774 1020 978 1071 relinquor
1010 1022 1144 1071 aquis.

181 1081 358 1132 Cumque
391 1080 455 1120 alii
487 1080 613 1119 nolint
644 1081 760 1118 etiam
793 1091 854 1118 me
887 1091 1004 1118 nosse
1037 1079 1183 1131 videri,

116 1149 160 1180 30
239 1139 309 1178 Vix
342 1139 418 1178 duo
450 1141 626 1190 proiecto
659 1144 789 1177 tresve
820 1138 967 1177 tulistis
999 1150 1135 1189 opem,

182 1198 359 1245 Quorum
392 1205 434 1237 tu
460 1199 673 1248 princeps.
731 1209 858 1248 neque
893 1198 997 1235 enim
1029 1209 1161 1236 comes
1188 1209 1303 1249 esse,
1338 1197 1405 1237 sed

912 1261 1071 1307 auctor,

240 1315 321 1354 Nec
352 1321 488 1366 petere
522 1314 771 1365 exemplum,
805 1314 873 1352 sed
907 1314 998 1352 dare
1031 1314 1173 1365 dignus
1206 1326 1317 1354 eras.

180 1374 236 1413 Te
255 1405 267 1426 ‚
297 1373 395 1413 nihil
426 1385 472 1412 ex
506 1379 590 1412 acto
611 1405 621 1424 ‚
654 1374 730 1411 nisi
761 1384 840 1411 non
871 1385 1056 1424 peccasse
1088 1378 1310 1426 petentem,

241 1432 389 1483 Sponte
422 1444 491 1471 sua
523 1431 698 1482 probitas
731 1431 983 1482 officiumque
1016 1433 1143 1470 iuvat..

119 1500 162 1532 35
183 1491 315 1530 Iudice
349 1498 386 1530 te
418 1490 600 1529 mercede
633 1496 741 1528 caret
772 1502 843 1540 per
874 1502 995 1541 seque
1027 1490 1196 1542 petenda
1228 1496 1288 1530 est

240 1549 425 1589 Externis
458 1551 581 1587 virtus
613 1549 839 1587 incomitata
869 1548 1006 1588 bonis.

181 1609 313 1660 Turpe
346 1614 460 1659 putas
493 1607 623 1659 abigi,
656 1609 745 1658 quia
776 1608 827 1646 sit
857 1607 1133 1660 miserandus,
1166 1609 1357 1661 amicum,

241 1667 431 1718 Quodque
466 1668 516 1705 sit
547 1666 681 1705 infelix
700 1698 711 1717 ‚
743 1665 924 1705 desinere
956 1679 1041 1705 esse
1075 1673 1214 1706 tuum.-

182 1726 314 1765 Mitius
346 1732 406 1764 est
437 1726 539 1764 lasso
573 1725 736 1775 digitum
770 1737 993 1776 supponere
1025 1731 1182 1778 mento,
1346 1733 1404 1767 (46)

116 1794 161 1825 40
240 1784 419 1836 Mergere
452 1795 567 1835 quam
599 1783 758 1834 liquidis
791 1796 857 1822 ora
889 1786 1058 1823 natantis
1091 1786 1227 1835 aquis.

182 1843 337 1896 Cerne,
370 1843 463 1895 quid
496 1842 682 1881 Aeacides
720 1848 810 1894 post
846 1848 1015 1882 mortem
1052 1848 1226 1894 praestet
1258 1845 1405 1883 amico:

240 1902 366 1941 Instar
400 1908 438 1941 et
470 1901 567 1940 hanc
599 1903 715 1940 vitam
749 1902 886 1940 mortis
918 1900 1064 1940 hahere
1096 1907 1210 1952 puta.

182 1961 401 2000 Pirithoum
434 1960 610 1999 Theseus
645 1960 797 2011 Stygias
830 1962 1028 1999 comitavit
1059 1960 1106 1998 ad
1140 1960 1286 1999 undas:

240 2021 269 2058 A
304 2019 435 2070 Stygia
469 2025 657 2069 quantum
690 2030 776 2057 sors
808 2030 892 2056 mea
927 2018 1045 2057 distat
1077 2016 1204 2069 aqua?

115 2087 160 2119 45
180 2078 315 2117 Adfuit
346 2079 483 2117 insano
514 2079 668 2116 iuvenis
698 2077 878 2115 Phoceus
911 2076 1098 2115 Orestae:

239 2136 289 2176 Et
320 2148 406 2176 mea
438 2148 516 2176 non
548 2137 752 2175 minimum
786 2134 898 2186 culpa
933 2135 1078 2174 furoris
1110 2134 1250 2174 habet.

181 2195 240 2235 Tu
274 2208 431 2247 quoque
464 2207 694 2247 magnorum
727 2194 861 2232 laudes
893 2194 1053 2233 admitte
1086 2196 1285 2246 vlrorum,

242 2254 368 2305 thue
402 2255 497 2293 facis
515 2286 526 2306 ‚
558 2253 666 2305 lapso
700 2264 815 2303 quam
847 2259 989 2305 potes,
1021 2253 1115 2291 affer
1147 2265 1285 2303 opem.

182 2313 223 2352 Si
254 2313 354 2351 bene
387 2319 425 2352 te
458 2314 577 2364 novi,
609 2313 643 2351 si
675 2311 778 2362 quod
811 2312 922 2362 prius
955 2323 1040 2350 esse
1074 2311 1250 2364 solebas,

116 2381 159 2412 50
239 2371 352 2411 Nunc
385 2383 541 2423 quoque
575 2382 646 2422 ες,
684 2376 800 2421 atque
839 2371 957 2409 animi
994 2382 1073 2410 non
1112 2370 1289 2410 cecidere
1321 2371 1402 2423 tui,
