1570 2527
566 152 628 184 111.
656 159 701 184 VI
718 152 893 184 45—V111
915 153 968 183 11.
1355 149 1438 191 183

272 260 330 299 Ad
362 259 462 298 mala
493 261 568 298 iam
600 259 753 311 pridem
785 271 863 298 non
896 271 1032 298 sumus
1065 259 1141 298 ulla
1174 259 1318 298 rudes.

214 318 399 357 Venimus
431 320 471 356 in
504 317 661 357 Geticos
694 319 821 357 fines.
878 320 1092 357 moriamur
1123 319 1164 357 in
1196 317 1294 357 illis!

148 385 193 416 20
271 377 472 428 Parcaque
506 377 551 415 ad
585 382 806 416 extremum
839 389 914 427 qua
946 389 1031 416 mea
1065 378 1217 428 coepit,
1250 382 1334 415 eat.

215 435 333 487 Spem
364 437 470 474 iuvat
495 435 704 488 amplecti,
732 447 830 486 quae
863 447 941 473 non
973 437 1080 474 iuvet
1111 437 1228 474 inrita
1261 447 1437 487 semper:

270 494 321 533 Et
352 494 438 532 fieri
470 496 604 545 cupias
638 496 749 545 siqua
782 495 913 532 sutura
946 501 1083 545 putes.

212 552 419 591 Proximus
452 552 543 591 huic
576 553 718 604 gradus
752 559 812 591 est
843 552 942 591 bene
975 552 1185 604 desperare
1218 553 1407 605 salutem,

273 610 402 662 Seque
436 612 556 650 semel
587 624 678 650 vera
712 613 812 650 scire
845 613 995 662 perisse
1028 611 1129 650 fide.

147 677 192 709 25
214 669 394 709 Curando
428 671 515 708 fieri
546 670 736 721 quaedam
769 671 915 708 maiora
947 669 1123 709 videmus

273 727 469 781 Vulnera,
503 741 602 779 quae
635 729 774 767 melius
807 741 886 767 non
919 730 1094 779 tetigisse
1127 728 1224 768 fuit.

212 787 344 826 Mitius
375 787 439 825 ille
472 789 604 838 perit,
638 787 766 825 subita
799 789 866 837 qui
899 788 1090 837 mergitur
1123 783 1248 838 unda,

272 845 396 891 Quam
429 857 498 884 sua
531 848 597 896 qui
631 845 789 884 tumidis
823 845 981 884 brachia
1013 845 1130 885 lassat
1163 848 1295 896 aquis.

212 903 290 943 Cur
323 916 394 954 ego
428 906 592 955 concepi
626 904 818 955 Scythicis
851 915 912 942 me
944 915 1060 955 posse
1094 916 1229 942 carere

145 971 190 1002 30
270 962 464 1014 Finibus,
498 968 536 1001 et
569 969 673 1002 terra
705 964 957 1014 prosperiore
991 960 1103 1001 frui‘?

212 1021 290 1060 Cur
323 1021 466 1072 aliquid
500 1021 548 1060 de
581 1034 642 1060 me
676 1023 829 1073 speravi
860 1021 987 1060 lenius
1020 1018 1240 1072 umquam?

268 1080 326 1118 An
360 1080 517 1119 fortuna
549 1081 644 1119 mihi
676 1082 732 1119 sic
765 1092 849 1118 mea
882 1086 973 1118 nota
1005 1077 1114 1118 fuit‘?

211 1138 416 1189 Torqueor
449 1151 498 1177 en
524 1141 703 1190 gravius.
746 1140 990 1190 repetitaque
1019 1140 1143 1177 forma
1168 1138 1345 1177 locorum
1362 1147 1436 1179 (101)

269 1196 438 1235 Exilium
470 1204 632 1236 renovat
663 1199 775 1236 triste
795 1229 805 1249 ,
838 1209 1057 1248 recensque
1091 1198 1204 1236 facit.

147 1264 191 1295 35
213 1255 283 1294 Est
315 1261 446 1294 tamen
478 1256 612 1295 utilius
631 1287 641 1307 ,
675 1256 851 1295 studium
883 1267 1057 1294 cessasse
1092 1268 1294 1307 meorum,

271 1313 424 1366 Quam,
458 1327 554 1365 quas
588 1314 811 1365 admorint‚
844 1326 923 1352 non
955 1314 1122 1353 valuisse
1154 1327 1316 1365 preceS.

209 1372 346 1423 Magna
380 1373 538 1423 quidem
569 1385 634 1412 res
668 1379 754 1424 est,
789 1385 903 1423 quam
938 1385 1015 1411 non
1049 1373 1199 1411 audetis
1219 1405 1230 1425 ‚
1263 1374 1399 1425 amici,

271 1431 346 1469 Sed
381 1433 504 1482 siquis
536 1437 719 1483 peteret,
753 1434 820 1482 qui
853 1431 944 1470 dare
978 1431 1122 1484 vellet,
1156 1438 1260 1470 erat.

211 1489 429 1529 Dummodo
463 1503 541 1529 non
573 1490 686 1529 nobis
719 1490 793 1528 hoc
826 1489 1002 1529 Caesaris
1035 1492 1092 1528 ira
1125 1492 1298 1542 negarit,

145 1556 191 1588 40
272 1547 444 1588 Fortiter
476 1549 640 1588 Euxinis
672 1550 931 1588 inmoriemur
963 1550 1097 1600 aquis.

699 1677 826 1724 VIII.

210 1783 317 1829 Quae
350 1782 421 1822 tihi
439 1814 450 1834 ,
484 1782 748 1835 quaerebam,
782 1795 997 1822 memorem
1030 1785 1211 1823 testantia
1245 1796 1379 1824 curam

268 1841 376 1880 Dona
407 1841 637 1881 Tomitanus
669 1844 824 1881 mittere
857 1848 992 1894 posset
1024 1855 1138 1894 ager.

210 1899 358 1951 Dignus
392 1912 434 1938 es
466 1907 656 1952 argento,
690 1900 794 1940 fulvo
827 1913 984 1952 quoque
1018 1902 1171 1953 dignior
1204 1914 1322 1941 auro:

270 1958 346 1997 Sed
379 1964 446 2010 te,
479 1971 568 1998 cum
601 1959 750 2012 donas,
783 1961 856 1998 ista
888 1962 1021 1999 iuvare
1054 1960 1202 1999 solent.

169 2025 189 2057 5
210 2016 289 2056 Nec
322 2024 452 2056 tamen
485 2018 580 2056 haec
612 2017 694 2057 loca
728 2024 820 2057 sunt
853 2018 929 2056 ullo
962 2021 1133 2069 pretiosa
1166 2018 1344 2058 metallo:

270 2075 402 2114 Hostis
436 2076 482 2114 ab
515 2077 682 2127 agricola
716 2079 775 2115 vix
811 2078 903 2115 sinit
935 2077 997 2115 illa
1031 2077 1131 2116 fodi.

209 2134 390 2185 Purpura
423 2147 538 2186 saepe
571 2142 658 2174 tuos
691 2136 845 2186 fulgens
878 2137 1070 2186 praetexit
1102 2137 1291 2176 amictus.

269 2193 345 2232 Sed
379 2206 457 2232 non
491 2194 705 2233 Sarmatico
739 2196 903 2244 tingitur
935 2194 999 2233 illa
1031 2196 1151 2233 mari.

210 2251 360 2291 Vellera
392 2252 490 2291 dura
522 2253 654 2292 ferunt
686 2253 858 2304 pecudes
877 2285 887 2305 ,
921 2260 959 2292 et
990 2253 1154 2292 Palladis
1189 2255 1245 2292 uti

148 2319 188 2349 10
267 2312 360 2350 Arte
393 2311 618 2350 Tomitanae
652 2324 730 2350 non
763 2311 934 2350 didicere
968 2324 1115 2352 nurus.

211 2368 369 2408 Femina
401 2382 472 2421 pro
505 2371 590 2409 lana
624 2370 785 2409 Cerialia
818 2382 982 2410 munera
1015 2371 1180 2422 frangit,
